2342 3652
898 331 1118 369 PREMIERE
1141 329 1298 376 ANNEE.
2090 336 2139 364 147

60 412 147 444 colao
171 410 299 447 suisque
318 407 551 437 successoribus
576 406 728 436 canonice
752 405 959 435 intrantibus.
986 405 1058 434 Nou

60 474 113 497 ero
127 465 161 494 in
177 461 310 493 consilio
326 465 379 490 aut
401 469 558 490 consensu
582 459 631 489 vel
657 460 736 489 facto
753 463 787 488 ut
808 459 904 488 vitam
928 458 1060 496 perdant

60 521 114 549 aut
133 515 333 548 membrum,
352 522 405 542 sen
424 512 591 551 capiantur
611 512 694 541 mala
712 511 866 550 captione.
881 510 1059 540 Consilium

59 574 133 602 11610
151 568 234 608 quod
262 567 345 596 mihi
370 566 520 596 credituri
538 569 613 595 sunt
635 575 690 604 per
708 574 755 601 se,
777 565 842 594 sive
859 573 913 602 per
929 563 1060 592 nuntios

60 632 148 660 suos,
170 631 226 651 seu
248 630 302 659 per
324 620 459 656 litteras,
481 619 521 648 ad
545 627 652 649 eornm
671 618 847 656 dampnum
870 625 920 645 me
941 616 1060 645 sciente

61 675 184 707 nemini
208 673 356 713 pandam.
382 673 537 710 Papatum
562 679 729 700 romanum
759 674 788 699 et
812 669 932 706 regalia
960 669 1059 698 sancti

60 729 146 760 Petri
156 727 281 766 adjutor
292 727 336 755 eis
348 735 400 755 ero
412 725 450 754 ad
462 724 668 754 retinendum
678 722 963 758 etdefendendum,
974 721 1060 751 salvo

60 790 131 812 meo
140 780 264 815 ordine,
279 782 387 808 contra
398 786 526 807 omnem
539 777 716 807 homiuem.
727 776 881 812 Legatum
893 774 1060 812 apostolice

62 834 144 866 sedis
158 831 298 862 ineundo
320 835 350 860 et
367 831 529 860 redeundo
546 829 720 859 honorifice
740 828 876 857 tractabo
896 831 925 857 et
940 828 973 856 in
995 828 1061 857 suis

62 884 301 918 necessitatibus
327 884 492 922 adjuvabo.
519 883 654 912 Vocatus
676 881 715 911 ad
734 881 893 920 synodum
913 881 1058 916 veniam,

62 940 125 972 nisi
135 938 316 978 prepeditus
329 938 418 968 fuero
429 936 583 967 canonica
595 935 821 975 prepeditione.
837 935 1060 973 Apostolorum

61 993 173 1024 limina
197 990 336 1029 singulis
360 990 501 1020 bienniis
527 988 678 1024 visitabo,
702 992 756 1018 aut
774 997 829 1026 per
856 997 907 1017 me
925 991 979 1017 aut
1008 996 1061 1025 per

62 1055 168 1077 meum
181 1045 343 1080 nuntium,
358 1043 421 1072 nisi
437 1042 604 1080 apostolica
620 1041 764 1071 absolvar
780 1041 920 1071 licentia.
937 1041 1059 1071 Posses-

62 1099 168 1131 siones
181 1106 254 1127 vero
268 1097 307 1126 ad
321 1105 465 1126 mensam
482 1095 546 1124 mei
562 1094 850 1133 archiepiscopatus
865 1095 1060 1132 'pertinentes

63 1161 125 1184 non
137 1151 285 1187 vendam,
300 1158 358 1179 nec
373 1149 508 1185 donabo,
526 1157 584 1178 nec
598 1148 832 1186 impignorabo,
849 1156 907 1177 nec
924 1147 962 1176 de
979 1156 1061 1178 novo

61 1204 241 1240 infeudabo,
260 1202 308 1232 vel
323 1202 431 1241 aliquo
448 1201 542 1230 modo
557 1200 714 1237 alienabo,
731 1200 913 1231 inconsulto
929 1210 1061 1230 romano

61 1258 224 1290 Pontifice.
244 1257 298 1287 Sic
317 1266 367 1286 me
388 1256 473 1285 Deus
491 1255 618 1293 adjuvet
636 1259 666 1284 et
683 1255 741 1284 1166
759 1260 867 1284 5311613
887 1255 944 1284 Dei
964 1264 1062 1284 evan-

61 1312 150 1352 gelia.
171 1323 185 1339 »

131 1470 220 1499 ’ἵθδ

98 1533 181 1561 Pallei
193 1540 264 1560 usus
276 1532 455 1559 conceditur.
471 1531 552 1566 (Rae.
571 1532 614 1563 44,
632 1540 656 1558 c.
679 1531 721 1563 43,
738 1532 757 1558 f.
779 1532 826 1558 115
847 1533 895 1564 ro.)

387 1468 751 1502 Sainte-Marie-Majenre,
775 1468 811 1493 10¹·
827 1468 896 1494 avril
913 1468 989 1495 1289.

100 1636 207 1666 Dilecto
229 1635 293 1673 lilio
317 1635 366 1670 F.,
392 1635 479 1664 electo
503 1635 698 1670 Messanensi,
726 1635 776 1663 cui
803 1634 921 1662 Nolana
943 1635 1063 1664 ecclesia

64 1690 98 1719 in
114 1689 325 1727 spiritualibus
340 1693 366 1717 et
383 1688 599 1725 temporalibus
620 1696 674 1725 per
689 1688 785 1729 sedem
806 1688 1000 1724 apostolicam
1023 1692 1063 1716 est

64 1742 228 1776 commissa,
246 1740 392 1779 indulget
409 1744 452 1777 ut,
471 1740 606 1770 durante
622 1740 681 1770 1136
696 1739 935 1776 commissione,
953 1740 986 1768 111
1001 1740 1062 1770 fes-

65 1793 233 1824 tivitatibus
260 1794 443 1824 Nativitatis
471 1794 619 1830 Domini,
646 1793 861 1832 Epiphaniae,
890 1793 1062 1823 Resurrec-

64 1846 155 1878 fionis
173 1847 354 1877 dominicae
371 1851 401 1877 et
415 1847 633 1882 Pentecostes,
650 1851 680 1876 et
695 1847 728 1876 in
749 1846 861 1876 diebus
878 1846 995 1885 quibus
1011 1856 1063 1876 or-

63 1899 238 1930 dinationes
252 1899 423 1930 celebrabit
434 1900 485 1929 vel
496 1900 643 1930 ecclesias
657 1909 711 1929 seu
727 1899 839 1929 altaria
853 1901 1059 1935 consecrabit,

63 1952 161 1992 palleo
175 1953 221 1983 uti
234 1953 346 1991 possit;
364 1953 408 1982 ita
421 1957 526 1982 tamen
543 1957 575 1982 ut
588 1953 817 1991 Neapolitanae
831 1953 994 1989 ecclesiae,
1011 1954 1063 1983 cui

63 2005 186 2036 Nolana
209 2005 339 2036 ecclesia
362 2007 434 2045 jure
458 2006 691 2044 metropolitico
717 2006 901 2045 subjicitur,
933 2006 1062 2035 nullum

62 2067 117 2098 per
131 2058 191 2089 hoc
208 2059 441 2098 praejudicinm
458 2064 638 2097 generetur.

103 2123 117 2140 ι
141 2113 265 2151 Dignus
287 2114 387 2151 gratia
408 2119 438 2142 et
520 2130 560 2134 —
583 2113 653 2142 Dat.
672 2113 784 2147 Rome,
810 2112 893 2150 apud
913 2112 1062 2142 Sanctam

64 2165 197 2197 Mariam
213 2167 382 2206 Majorem,
399 2167 547 2197 kalendis
566 2166 694 2205 aprilis,
712 2175 797 2197 anno
813 2166 961 2196 secundo.
988 2179 1001 2193 »

133 2325 217 2355 ’2⁰9

99 2387 207 2423 Regem
233 2387 368 2415 Franciae
388 2392 470 2423 rogat
496 2397 530 2415 ne
551 2390 719 2424 episcopum
744 2389 943 2416 pictavensem
967 2398 1062 2416 coram

65 2436 156 2471 regiae
166 2437 261 2464 curiae
273 2437 439 2464 officialibus
454 2437 629 2472 respondere
645 2438 803 2472 compellat,
817 2439 884 2472 quin
898 2439 983 2464 immo
997 2447 1062 2465 611111

379 2326 743 2361 Sainte-Marie-Majeure,
768 2327 804 2353 1ΒΓ
818 2335 894 2353 111315
911 2327 988 2353 1289.

65 2486 202 2519 defendat,
221 2489 388 2522 praesertim
406 2492 504 2515 contra
520 2488 687 2515 Ganfridum
704 2489 738 2515 de
764 2489 881 2524 Valeya,
906 2490 953 2524 qui
969 2490 1062 2524 quod-

65 2534 126 2562 dam
150 2535 267 2563 feudum
288 2536 419 2570 ejusdem
444 2537 574 2572 episcopi
599 2537 736 2564 insidiose
758 2538 871 2564 invasit.
902 2538 987 2569 (Rau.
1015 2539 1061 2572 44,

64 2591 90 2610 c.
106 2584 148 2617 44,
163 2584 182 2611 f.
200 2585 250 2612 115
266 2591 310 2618 r⁰;
326 2583 394 2611 Lae.
412 2594 447 2612 nu
462 2585 559 2618 Tfflnt,
580 2585 617 2617 ΙΙ,
634 2586 690 2618 ⁶25.)

104 2685 266 2716 Carissimo
293 2687 327 2716 in
357 2686 474 2716 Christo
502 2687 566 2724 filio
596 2689 748 2727 Philippo,
781 2690 846 2726 reqt'
873 2690 1063 2718 Francorum

64 2738 190 2770 illustri.
216 2751 229 2766 α
257 2739 368 2777 Nuper
393 2739 432 2769 ad
455 2744 598 2770 nostrum
624 2742 770 2779 pervenit
797 2742 943 2772 auditum
966 2743 1062 2781 quod,

65 2799 136 2821 cum
153 2791 328 2822 Gualterus
345 2792 453 2829 Asini,
470 2792 570 2822 laicus
586 2794 782 2824 Pictavensis
800 2795 944 2827 diocesis.
962 2796 1063 2834 quod-

65 2842 137 2874 dam
155 2844 287 2874 feudum
310 2854 328 2874 a
352 2845 526 2874 venerabili
547 2846 641 2876 fratre
658 2851 763 2878 nostro
781 2870 800 2877 ..
819 2848 964 2887 episcopo
990 2849 1063 2878 Pic-

65 2898 186 2927 tavensi
205 2902 334 2935 teneret,
356 2898 531 2928 Gaufridus
547 2899 585 2928 de
600 2900 738 2939 Valeya,
756 2901 888 2931 clericus
912 2903 1064 2940 Andega-

65 2951 171 2980 vensis
188 2951 333 2988 diocesis,
353 2951 391 2981 ad
411 2952 510 2991 ipsius
526 2952 663 2991 episcopi
681 2954 890 2984 turbationem
907 2956 1063 2994 aspirans,

69 3001 188 3034 dictum
220 3004 350 3034 feudum
382 3005 421 3034 ab
447 3005 555 3034 eodem
586 3004 712 3036 Galtero
736 3007 797 3037 sibi
824 3008 968 3045 concedi,
1001 3017 1066 3039 non

1141 403 1260 442 absque
1281 404 1490 441 malignitatis
1512 404 1638 439 astutia,
1656 402 1850 440 procuravit,
1871 401 1980 430 eodem
1999 403 2141 439 episcopo

1142 456 1267 493 penitus
1284 456 1466 493 ignorante,
1484 466 1519 486 ac
1538 455 1733 495 postmodum
1756 454 1894 492 prefatus
1914 454 2086 483 Gauii-idus
2103 455 2141 483 ad

1143 512 1228 538 tuam
1245 518 1298 538 seu
1316 510 1542 547 magistrorum
1560 509 1646 546 regie
1664 509 1752 537 curie
1770 516 1802 536 se
1821 507 2015 545 presentiam
2031 508 2138 536 conte-

1142 570 1228 598 rens,
1250 571 1355 591 coram
1381 567 1409 591 te
1428 571 1482 592 5611
1505 561 1664 599 magistris
1685 559 1848 599 proposuit
1867 559 2035 588 antedictis
2058 560 2139 597 quod

1143 614 1226 643 idem
1245 614 1415 644 Gualterus
1431 615 1560 644 seudum
1578 615 1637 643 sibi
1654 617 1789 643 cesserat
1806 617 2033 645 memoratum,
2056 621 2143 641 111611-

1143 667 1260 697 daciter
1278 677 1423 697 asserens
1447 668 1530 706 quod
1559 677 1590 696 se
1616 667 1654 696 de
1679 667 1746 704 ipso
1771 666 1810 695 ab
1837 666 1946 695 eodem
1973 665 2143 703 postularat

1143 720 1288 758 episcopo
1305 721 1466 756 investiri,
1485 724 1532 758 et,
1549 720 1624 758 quia
1640 720 1758 757 injuste
1774 719 1804 747 id
1822 718 1945 747 efficere
1963 724 2141 752 recusarat,

1143 773 1181 802 ad
1202 774 1323 803 curiam
1348 774 1449 812 ipsam
1475 774 1607 802 duxerat
1630 772 1867 811 appellandum.
1898 772 1935 800 Et
1960 780 2142 810 quanquam

1142 826 1281 864 prefatus
1309 827 1471 864 episcopus
1499 825 1637 863 predicta
1666 825 1793 862 penitus
1824 824 2000 861 ignoraret,
2031 833 2091 861 que
2119 825 2145 853 si

1143 879 1239 908 etiam
1269 879 1328 908 sibi
1357 888 1420 908 11011
1449 878 1612 915 incognita
1639 878 1832 913 extitissent,
1861 881 1963 905 tamen
1995 877 2030 906 de
2062 877 2144 906 dicto

1143 932 1236 962 feudo
1253 932 1390 961 eundem
1407 931 1597 961 Gauii-idum
1615 931 1654 959 ad
1672 930 1870 967 homagium,
1890 930 2144 968 secundumjus-

1143 985 1246 1014 titiam
1271 990 1301 1015 et
1324 994 1446 1014 morem
1472 985 1582 1023 patrie,
1611 983 1748 1022 recipere
1775 991 1838 1012 non
1864 982 2010 1018 debebat,
2030 992 2084 1020 pro
2110 992 2145 1012 eo

1143 1038 1226 1076 quod
1241 1039 1326 1067 idem
1342 1037 1489 1068 Galterns
1510 1045 1613 1066 coram
1636 1036 1746 1066 eodem
1769 1035 1914 1074 episcopo
1939 1044 1970 1064 se
1991 1035 2028 1064 de
2052 1036 2144 1065 feudo

1144 1101 1311 1130 nunquam
1339 1091 1549 1121 devestiverat
1573 1089 1733 1119 antedicto
1758 1098 1816 1118 nec
1844 1098 1875 1117 56
1903 1089 2144 1118 devestiendum

1143 1145 1314 1182 obtulerat,
1332 1154 1404 1175 611111
1432 1145 1464 1173 111
1490 1143 1705 1173 116665531111111
1730 1142 1842 1171 existat
1865 1143 1999 1171 omnino
2019 1143 2059 1184 ad
2075 1143 2145 1179 1106,

1145 1204 1179 1229 ut
1202 1199 1284 1229 alius
1310 1199 1347 1228 de
1372 1197 1465 1227 sendo
1490 1199 1557 1235 ipso
1583 1196 1684 1225 valeat
1704 1195 1866 1231 investiri,
1895 1200 1924 1224 tu
1951 1200 2069 1231 tamen,
2097 1195 2146 1225 vel

1144 1254 1241 1283 iidem
1258 1253 1403 1290 magistri
1423 1251 1553 1280 nomine
1570 1251 1667 1288 regio,
1687 1259 1781 1287 super
1797 1249 1855 1278 1106
1872 1250 2010 1278 eundem
2028 1250 2145 1287 episco-

1144 1316 1220 1345 pum
1232 1306 1271 1334 ad
1289 1311 1374 1336 tuam
1388 1305 1595 1344 presentiam,
1613 1308 1705 1342 prout
1721 1303 1863 1342 ejusdem
1877 1302 2021 1332 Gausridi
2038 1312 2145 1340 quam-

1144 1359 1193 1388 vis
1215 1358 1294 1388 falsa
1314 1358 1509 1396 exprimebat
1531 1357 1674 1393 assertio,
1700 1356 1823 1385 evocari
1842 1365 1894 1384 seu
1915 1355 2003 1384 citari
2027 1355 2145 1391 fecisti,

1145 1413 1291 1450 quamvis
1307 1411 1493 1450 hujusmodi
1509 1410 1629 1440 vocatio
1654 1411 1719 1438 sive
1734 1409 1841 1438 citatio
1857 1417 2058 1446 nequaquam
2078 1417 2146 1445 per-

1145 1467 1268 1496 venerit
1283 1466 1323 1495 ad
1344 1464 1490 1494 notitiam
1517 1462 1654 1502 episcopi
1675 1461 1833 1500 prelibati.
1857 1462 1930 1491 Post
1959 1461 2016 1490 hec
2040 1465 2146 1490 autem

1145 1520 1302 1559 sepefatus
1324 1517 1497 1548 Gausridus
1516 1517 1696 1555 episcopum
1721 1516 1823 1553 ipsum
1847 1514 2010 1544 occasione
2035 1514 2148 1552 hujus-

1146 1573 1233 1604 modi
1256 1573 1295 1602 ad
1315 1572 1436 1609 regiam
1460 1570 1681 1607 dictorumque
1705 1568 1930 1606 magistrorum
1957 1568 2146 1605 presentiam

1146 1637 1200 1665 per
1224 1626 1344 1655 litteras
1366 1625 1468 1662 regias
1493 1622 1674 1661 procuravit
1703 1623 1807 1650 denuo
1835 1621 1970 1650 evocari.
1995 1622 2037 1649 At
2061 1620 2147 1649 idem

1146 1680 1322 1718 episcopus,
1345 1682 1420 1707 tunc
1437 1676 1625 1706 infirmitate
1641 1675 1799 1711 detentus,
1817 1673 1918 1711 regali
1934 1673 2102 1711 privilegio
2119 1678 2148 1702 et

1146 1733 1344 1772 possessione
1366 1740 1401 1761 ac
1419 1731 1514 1760 etiam
1531 1729 1685 1759 canonica
1703 1728 1848 1757 libertate
1864 1736 1881 1756 a
1898 1731 2038 1765 tempore
2054 1736 2071 1755 a
2086 1735 2147 1765 quo

1146 1795 1209 1816 non
1228 1789 1310 1815 extat
1326 1784 1481 1813 memoria
1497 1782 1724 1817 communitus,
1742 1781 1826 1819 qnod
1844 1789 1949 1810 coram
1966 1789 2038 1817 rege
2053 1780 2149 1809 Fran-

1146 1841 1192 1870 cie
1209 1839 1259 1869 vel
1275 1839 1336 1868 alio
1349 1837 1458 1876 J'udice
1475 1836 1581 1866 laicali
1597 1844 1659 1865 non
1682 1838 1806 1864 tenetur
1826 1834 1859 1863 in
1883 1833 2004 1872 J'udicio
2022 1842 2149 1871 respon-

1146 1895 1238 1930 dere,
1277 1893 1355 1922 duos
1387 1891 1593 1921 ecclesiarum
1621 1889 1802 1924 canonicos,
1835 1888 1965 1916 nuntios
1996 1896 2080 1922 suos,
2112 1886 2149 1916 de

1146 1946 1330 1985 hujusmodi
1349 1945 1473 1983 negotio
1492 1944 1616 1983 plenius
1632 1943 1830 1975 informatos,
1853 1941 1941 1970 duxit
1965 1941 2004 1970 ad
2020 1940 2149 1970 celsitu-

1146 2003 1256 2031 dinem
1272 2000 1393 2038 regiam
1410 1998 1627 2030 destinandos,
1654 1997 1710 2035 qui
1732 1996 1845 2034 prefati
1863 1995 2001 2033 episcopi
2020 1995 2149 2023 nomine

1147 2054 1363 2094 privilegium,
1382 2052 1611 2091 possessiouem
1629 2055 1658 2080 61
1674 2050 1853 2079 libertatem
1870 2049 2027 2087 predicta,
2052 2048 2150 2086 quod-

1146 2117 1207 2147 que
1224 2115 1288 2136 non
1309 2106 1473 2136 tenebatur
1495 2114 1553 2134 nec
1574 2104 1694 2142 absque
1710 2102 1845 2141 perjurii
1860 2111 1966 2131 coram
1985 2107 2013 2130 te
2032 2106 2151 2139 poterat

1146 2163 1338 2202 respondere
1366 2160 1518 2200 periculo,
1550 2168 1623 2189 cum
1652 2159 1689 2188 de
1719 2157 1944 2188 conservandis
1967 2157 2093 2195 juribus
2122 2160 2152 2185 et

1118 2232 1121 2233 ν
1145 2215 1346 2246 libertatibus
1363 2214 1562 2244 pictavensis
1581 2211 1711 2242 ecclesie
1724 2212 1945 2250 juramentum
1968 2209 2147 2248 prestiterit,

1145 2269 1332 2307 allegarent.
1347 2268 1393 2297 Ac
1410 2265 1643 2296 nichilominus
1660 2264 1816 2303 sepefatus
1829 2263 2003 2301 episcopus,
2020 2262 2151 2301 adeptus

1148 2323 1275 2352 tandem
1288 2320 1540 2351 convalescentie
1556 2319 1699 2354 comoda,
1719 2327 1751 2347 se
1767 2317 1805 2346 311
1825 2322 1909 2345 tuam
1927 2316 2150 2353 dictorumque

1146 2376 1372 2412 magistrorum
1385 2373 1577 2412 presentiam
1586 2371 1675 2401 duxit
1686 2369 1899 2409 personaliter
1907 2378 1963 2398 con
1971 2368 2099 2397 1616111111
2107 2377 2147 2397 111.

1147 2428 1282 2458 Prefatis
1303 2432 1409 2457 autem
1435 2426 1618 2460 canonicis,
1641 2429 1714 2453 ante
1740 2423 1838 2461 ipsius
1863 2422 1902 2451 ad
1928 2427 1954 2450 te
1977 2421 2149 2450 adventum

1147 2482 1279 2520 epicopi,
1293 2479 1542 2519 proponentibus
1560 2482 1590 2507 et
1605 2477 1816 2515 allegantibus
1833 2485 1895 2514 que
1911 2475 1970 2504 sibi
1987 2474 2026 2503 ab
2038 2474 2149 2503 601116-

1145 2540 1218 2565 rant
1232 2536 1265 2564 in
1290 2535 1349 2564 hac
1368 2538 1455 2572 parte
1473 2533 1659 2567 commissa,
1679 2537 1710 2560 tu
1723 2554 1730 2568 ‚
1749 2535 1899 2569 reputans
1918 2527 2149 2557 nichilominus

1145 2588 1284 2618 eundem
1301 2587 1484 2626 episcopum
1504 2591 1741 2620 contumacem,
1761 2584 1945 2620 dictumque
1960 2581 2149 2611 Gauii-idum

1146 2642 1184 2671 de
1200 2641 1304 2676 feudo,
1325 2644 1358 2670 ut
1377 2640 1497 2669 dicitur
1514 2663 1520 2675 ,
1546 2628 1704 2677 pretaxato
1723 2636 1911 2670 investiens,
1933 2657 1953 2665 ..
1977 2634 2151 2663 senescallo

1146 2694 1234 2732 regio
1258 2693 1439 2723 pictavensi
1465 2702 1500 2722 36
1527 2691 1740 2721 servientibus
1769 2689 1829 2718 tuis
1854 2688 1983 2717 illarum
2012 2688 2150 2726 partium

1147 2757 1201 2786 per
1222 2747 1342 2776 litteras
1365 2746 1467 2783 regias
1488 2744 1657 2783 injunxisti
1685 2748 1718 2772 nt
1743 2742 1880 2771 eundem
1903 2740 2093 2770 Gansridum
2117 2740 2149 2768 in

1146 2801 1246 2840 ipsius
1263 2799 1347 2829 feudi
1365 2799 1597 2836 possessionem
1616 2796 1747 2826 sollicite
1763 2798 1937 2824 tuerentur.
1956 2794 2151 2822 Memoratus

1148 2856 1221 2877 vero
1234 2846 1417 2881 Gaufridus,
1428 2845 1467 2874 ad
1477 2843 1748 2884 presumptionem
1761 2841 1947 2880 nepharium
1957 2838 2151 2868 detestabilis

1147 2900 1293 2931 falsitatis
1311 2904 1427 2929 temere
1440 2907 1472 2927 se
1487 2901 1685 2932 convertens,
1698 2900 1915 2925 etasseveraie
1929 2903 1992 2923 11011
2004 2898 2150 2922 metuens

1148 2954 1232 2994 quod
1249 2958 1279 2983 tn
1298 2957 1435 2982 castrum
1452 2951 1489 2980 116
1506 2950 1631 2988 Euglia,
1644 2950 1725 2979 dicte
1739 2949 1871 2978 diocesis
1888 2947 2094 2976 Pictavensis.
2113 2945 2149 2973 :id

1149 3007 1331 3046 episcopum
1348 3006 1452 3044 ipsum
1471 3003 1645 3043 pertinens,
1664 3003 1724 3032 sibi
1736 3011 1807 3031 cum
1824 3000 2027 3040 pertinentiis
2040 2998 2148 3028 51115111
