<?xml version="1.0" encoding="UTF-8"?>
<!DOCTYPE html PUBLIC "-//W3C//DTD XHTML 1.0 Transitional//EN"
    "http://www.w3.org/TR/xhtml1/DTD/xhtml1-transitional.dtd">
<html xmlns="http://www.w3.org/1999/xhtml" xml:lang="en" lang="en">
 <head>
  <title>
</title>
<meta http-equiv="Content-Type" content="text/html;charset=utf-8" />
  <meta name='ocr-system' content='tesseract 3.04.00' />
  <meta name='ocr-capabilities' content='ocr_page ocr_carea ocr_par ocr_line ocrx_word'/>
</head>
<body>
  <div class='ocr_page' id='page_1' title='image "./lesregistresdeni01romeuoft_0173.png"; bbox 0 0 2342 3652; ppageno 0'>
   <div class='ocr_carea' id='block_1_1' title="bbox 866 340 2114 385">
    <p class='ocr_par' dir='ltr' id='par_1_1' title="bbox 866 340 2114 385">
     <span class='ocr_line' id='line_1_1' title="bbox 866 340 2114 385; baseline 0.002 -3"><span class='ocrx_word' id='word_1_1' title='bbox 866 342 1092 383; x_wconf 74' lang='lat' dir='ltr'>DnumeE</span> <span class='ocrx_word' id='word_1_2' title='bbox 1114 340 1272 381; x_wconf 78' lang='lat' dir='ltr'><strong>ANNE&#39;E.</strong></span> <span class='ocrx_word' id='word_1_3' title='bbox 2060 356 2114 385; x_wconf 81' lang='lat'>165</span> 
     </span>
    </p>
   </div>
   <div class='ocr_carea' id='block_1_2' title="bbox 0 418 1040 3061">
    <p class='ocr_par' dir='ltr' id='par_1_2' title="bbox 28 418 1028 980">
     <span class='ocr_line' id='line_1_2' title="bbox 28 418 1027 456; baseline -0.003 -6"><span class='ocrx_word' id='word_1_4' title='bbox 28 419 225 450; x_wconf 80' lang='lat' dir='ltr'><strong>successibus</strong></span> <span class='ocrx_word' id='word_1_5' title='bbox 241 418 435 455; x_wconf 76' lang='lat' dir='ltr'>defraudata,</span> <span class='ocrx_word' id='word_1_6' title='bbox 448 427 483 448; x_wconf 91' lang='lat' dir='ltr'>eo</span> <span class='ocrx_word' id='word_1_7' title='bbox 500 418 594 456; x_wconf 88' lang='lat' dir='ltr'>quod,</span> <span class='ocrx_word' id='word_1_8' title='bbox 614 418 762 456; x_wconf 80' lang='lat' dir='ltr'>predictis</span> <span class='ocrx_word' id='word_1_9' title='bbox 775 418 954 448; x_wconf 75' lang='lat' dir='ltr'>excessibus</span> <span class='ocrx_word' id='word_1_10' title='bbox 963 427 1027 448; x_wconf 90' lang='lat' dir='ltr'>non</span> 
     </span>
     <span class='ocr_line' id='line_1_3' title="bbox 28 471 1027 511; baseline -0.002 -8"><span class='ocrx_word' id='word_1_11' title='bbox 28 472 173 504; x_wconf 88' lang='lat' dir='ltr'>correctis</span> <span class='ocrx_word' id='word_1_12' title='bbox 185 496 193 511; x_wconf 86' lang='lat'>,</span> <span class='ocrx_word' id='word_1_13' title='bbox 209 472 287 510; x_wconf 87' lang='lat' dir='ltr'>quin</span> <span class='ocrx_word' id='word_1_14' title='bbox 304 472 404 501; x_wconf 91' lang='lat' dir='ltr'>immo</span> <span class='ocrx_word' id='word_1_15' title='bbox 421 471 613 501; x_wconf 86' lang='lat' dir='ltr'>continuatis</span> <span class='ocrx_word' id='word_1_16' title='bbox 630 476 660 501; x_wconf 90' lang='lat' dir='ltr'>et</span> <span class='ocrx_word' id='word_1_17' title='bbox 675 471 771 500; x_wconf 90' lang='lat' dir='ltr'>etiam</span> <span class='ocrx_word' id='word_1_18' title='bbox 789 472 943 510; x_wconf 84' lang='lat' dir='ltr'>adauctis,</span> <span class='ocrx_word' id='word_1_19' title='bbox 962 472 1027 502; x_wconf 91' lang='lat' dir='ltr'>eis-</span> 
     </span>
     <span class='ocr_line' id='line_1_4' title="bbox 28 524 1026 564; baseline -0.002 -8"><span class='ocrx_word' id='word_1_20' title='bbox 28 526 100 556; x_wconf 85' lang='lat' dir='ltr'>dem</span> <span class='ocrx_word' id='word_1_21' title='bbox 113 524 250 564; x_wconf 89' lang='lat' dir='ltr'>juribus,</span> <span class='ocrx_word' id='word_1_22' title='bbox 268 524 479 560; x_wconf 76' lang='lat' dir='ltr'>libertatibus,</span> <span class='ocrx_word' id='word_1_23' title='bbox 502 524 679 563; x_wconf 85' lang='lat' dir='ltr'>privilegiis</span> <span class='ocrx_word' id='word_1_24' title='bbox 695 529 724 554; x_wconf 90' lang='lat' dir='ltr'>et</span> <span class='ocrx_word' id='word_1_25' title='bbox 740 524 1026 554; x_wconf 87' lang='lat' dir='ltr'>consuetudinibus</span> 
     </span>
     <span class='ocr_line' id='line_1_5' title="bbox 28 577 1028 618; baseline -0.003 -9"><span class='ocrx_word' id='word_1_26' title='bbox 28 579 125 618; x_wconf 89' lang='lat' dir='ltr'>ipsius</span> <span class='ocrx_word' id='word_1_27' title='bbox 141 577 270 607; x_wconf 79' lang='lat' dir='ltr'>ecclesie</span> <span class='ocrx_word' id='word_1_28' title='bbox 292 577 419 616; x_wconf 88' lang='lat' dir='ltr'>penitus</span> <span class='ocrx_word' id='word_1_29' title='bbox 443 577 610 616; x_wconf 79' lang='lat' dir='ltr'>vilipensis</span> <span class='ocrx_word' id='word_1_30' title='bbox 629 587 683 615; x_wconf 89' lang='lat' dir='ltr'>per</span> <span class='ocrx_word' id='word_1_31' title='bbox 707 577 844 607; x_wconf 90' lang='lat' dir='ltr'>eundem</span> <span class='ocrx_word' id='word_1_32' title='bbox 862 586 968 615; x_wconf 86' lang='lat' dir='ltr'>regem</span> <span class='ocrx_word' id='word_1_33' title='bbox 992 586 1028 607; x_wconf 93' lang='lat' dir='ltr'>ac</span> 
     </span>
     <span class='ocr_line' id='line_1_6' title="bbox 29 630 1026 669; baseline -0.002 -8"><span class='ocrx_word' id='word_1_34' title='bbox 29 630 176 662; x_wconf 84' lang='lat' dir='ltr'>officiales</span> <span class='ocrx_word' id='word_1_35' title='bbox 192 639 263 660; x_wconf 91' lang='lat' dir='ltr'>suos</span> <span class='ocrx_word' id='word_1_36' title='bbox 279 630 312 659; x_wconf 90' lang='lat' dir='ltr'>in</span> <span class='ocrx_word' id='word_1_37' title='bbox 329 630 466 660; x_wconf 90' lang='lat' dir='ltr'>Carnoto</span> <span class='ocrx_word' id='word_1_38' title='bbox 481 630 622 669; x_wconf 86' lang='lat' dir='ltr'>locisque</span> <span class='ocrx_word' id='word_1_39' title='bbox 638 630 697 659; x_wconf 89' lang='lat' dir='ltr'>sibi</span> <span class='ocrx_word' id='word_1_40' title='bbox 712 630 860 659; x_wconf 84' lang='lat' dir='ltr'>finitimis</span> <span class='ocrx_word' id='word_1_41' title='bbox 875 630 1026 659; x_wconf 89' lang='lat' dir='ltr'>constitu-</span> 
     </span>
     <span class='ocr_line' id='line_1_7' title="bbox 30 682 1025 722; baseline -0.004 -7"><span class='ocrx_word' id='word_1_42' title='bbox 30 688 94 721; x_wconf 83' lang='lat' dir='ltr'>tos,</span> <span class='ocrx_word' id='word_1_43' title='bbox 118 683 331 722; x_wconf 87' lang='lat' dir='ltr'>predictorum</span> <span class='ocrx_word' id='word_1_44' title='bbox 349 683 481 721; x_wconf 84' lang='lat' dir='ltr'>capituli</span> <span class='ocrx_word' id='word_1_45' title='bbox 504 687 534 713; x_wconf 87' lang='lat' dir='ltr'>et</span> <span class='ocrx_word' id='word_1_46' title='bbox 561 682 692 712; x_wconf 81' lang='lat' dir='ltr'>ecclesie</span> <span class='ocrx_word' id='word_1_47' title='bbox 712 682 909 711; x_wconf 88' lang='lat' dir='ltr'>invaduntur</span> <span class='ocrx_word' id='word_1_48' title='bbox 925 687 1025 718; x_wconf 81' lang='lat' dir='ltr'>terre,</span> 
     </span>
     <span class='ocr_line' id='line_1_8' title="bbox 29 735 1027 775; baseline -0.003 -8"><span class='ocrx_word' id='word_1_49' title='bbox 29 740 189 768; x_wconf 85' lang='lat' dir='ltr'>vastantur</span> <span class='ocrx_word' id='word_1_50' title='bbox 204 745 351 773; x_wconf 86' lang='lat' dir='ltr'>nemora,</span> <span class='ocrx_word' id='word_1_51' title='bbox 367 741 562 775; x_wconf 86' lang='lat' dir='ltr'>usurpantur</span> <span class='ocrx_word' id='word_1_52' title='bbox 581 737 656 774; x_wconf 86' lang='lat' dir='ltr'>jura</span> <span class='ocrx_word' id='word_1_53' title='bbox 667 759 675 773; x_wconf 91' lang='lat'>‚</span> <span class='ocrx_word' id='word_1_54' title='bbox 691 735 930 774; x_wconf 87' lang='lat' dir='ltr'>jurisdictiones</span> <span class='ocrx_word' id='word_1_55' title='bbox 955 735 1027 765; x_wconf 90' lang='lat' dir='ltr'>ubi·-</span> 
     </span>
     <span class='ocr_line' id='line_1_9' title="bbox 29 788 1028 828; baseline -0.003 -7"><span class='ocrx_word' id='word_1_56' title='bbox 29 791 104 822; x_wconf 86' lang='lat' dir='ltr'>libet</span> <span class='ocrx_word' id='word_1_57' title='bbox 117 789 316 826; x_wconf 78' lang='lat' dir='ltr'>auferuntur,</span> <span class='ocrx_word' id='word_1_58' title='bbox 333 794 527 828; x_wconf 77' lang='lat' dir='ltr'>occupantur</span> <span class='ocrx_word' id='word_1_59' title='bbox 545 789 639 825; x_wconf 86' lang='lat' dir='ltr'>bona,</span> <span class='ocrx_word' id='word_1_60' title='bbox 660 788 807 818; x_wconf 87' lang='lat' dir='ltr'>homines</span> <span class='ocrx_word' id='word_1_61' title='bbox 824 788 1028 827; x_wconf 81' lang='lat' dir='ltr'>hospitesque</span> 
     </span>
     <span class='ocr_line' id='line_1_10' title="bbox 29 841 1028 884; baseline -0.002 -10"><span class='ocrx_word' id='word_1_62' title='bbox 29 845 168 884; x_wconf 83' lang='lat' dir='ltr'>ipsorum</span> <span class='ocrx_word' id='word_1_63' title='bbox 190 851 262 880; x_wconf 88' lang='lat' dir='ltr'>sepe</span> <span class='ocrx_word' id='word_1_64' title='bbox 283 842 388 881; x_wconf 87' lang='lat' dir='ltr'>sepius</span> <span class='ocrx_word' id='word_1_65' title='bbox 405 842 583 880; x_wconf 88' lang='lat' dir='ltr'>capiuntur,</span> <span class='ocrx_word' id='word_1_66' title='bbox 605 841 722 870; x_wconf 87' lang='lat' dir='ltr'>carceri</span> <span class='ocrx_word' id='word_1_67' title='bbox 738 841 975 879; x_wconf 80' lang='lat' dir='ltr'>mancipantur,</span> <span class='ocrx_word' id='word_1_68' title='bbox 992 851 1028 872; x_wconf 89' lang='lat' dir='ltr'>ac</span> 
     </span>
     <span class='ocr_line' id='line_1_11' title="bbox 29 894 1028 934; baseline -0.003 -6"><span class='ocrx_word' id='word_1_69' title='bbox 29 896 105 928; x_wconf 88' lang='lat' dir='ltr'>alias</span> <span class='ocrx_word' id='word_1_70' title='bbox 124 895 201 934; x_wconf 90' lang='lat' dir='ltr'>ipsis</span> <span class='ocrx_word' id='word_1_71' title='bbox 220 895 252 924; x_wconf 90' lang='lat' dir='ltr'>iu</span> <span class='ocrx_word' id='word_1_72' title='bbox 277 895 421 934; x_wconf 88' lang='lat' dir='ltr'>personis</span> <span class='ocrx_word' id='word_1_73' title='bbox 438 898 467 924; x_wconf 91' lang='lat' dir='ltr'>et</span> <span class='ocrx_word' id='word_1_74' title='bbox 486 894 579 924; x_wconf 90' lang='lat' dir='ltr'>bonis</span> <span class='ocrx_word' id='word_1_75' title='bbox 602 902 712 924; x_wconf 89' lang='lat' dir='ltr'>eorum</span> <span class='ocrx_word' id='word_1_76' title='bbox 728 902 840 931; x_wconf 85' lang='lat' dir='ltr'>graves</span> <span class='ocrx_word' id='word_1_77' title='bbox 857 894 977 933; x_wconf 83' lang='lat' dir='ltr'>inJ&#39;urie</span> <span class='ocrx_word' id='word_1_78' title='bbox 992 904 1028 925; x_wconf 87' lang='lat' dir='ltr'>ac</span> 
     </span>
     <span class='ocr_line' id='line_1_12' title="bbox 29 948 375 980; baseline -0.012 0"><span class='ocrx_word' id='word_1_79' title='bbox 29 949 168 980; x_wconf 85' lang='lat' dir='ltr'>molestie</span> <span class='ocrx_word' id='word_1_80' title='bbox 182 948 375 977; x_wconf 85' lang='lat' dir='ltr'>inseruntur.</span> 
     </span>
    </p>

    <p class='ocr_par' dir='ltr' id='par_1_3' title="bbox 29 999 1028 1251">
     <span class='ocr_line' id='line_1_13' title="bbox 66 999 1028 1032; baseline 0 0"><span class='ocrx_word' id='word_1_81' title='bbox 66 1002 146 1032; x_wconf 87' lang='lat' dir='ltr'>Item</span> <span class='ocrx_word' id='word_1_82' title='bbox 163 1001 309 1031; x_wconf 89' lang='lat' dir='ltr'>canonici</span> <span class='ocrx_word' id='word_1_83' title='bbox 327 1005 356 1030; x_wconf 89' lang='lat' dir='ltr'>et</span> <span class='ocrx_word' id='word_1_84' title='bbox 378 999 486 1030; x_wconf 92' lang='lat' dir='ltr'>clerici</span> <span class='ocrx_word' id='word_1_85' title='bbox 507 999 596 1029; x_wconf 90' lang='lat' dir='ltr'>chori</span> <span class='ocrx_word' id='word_1_86' title='bbox 622 1009 658 1029; x_wconf 86' lang='lat' dir='ltr'>ac</span> <span class='ocrx_word' id='word_1_87' title='bbox 681 999 736 1029; x_wconf 90' lang='lat' dir='ltr'>alii</span> <span class='ocrx_word' id='word_1_88' title='bbox 758 1000 888 1030; x_wconf 80' lang='lat' dir='ltr'>ecclesie</span> <span class='ocrx_word' id='word_1_89' title='bbox 910 1000 1028 1032; x_wconf 88' lang='lat' dir='ltr'>Carno-</span> 
     </span>
     <span class='ocr_line' id='line_1_14' title="bbox 31 1052 1027 1093; baseline -0.001 -8"><span class='ocrx_word' id='word_1_90' title='bbox 31 1054 125 1086; x_wconf 85' lang='lat' dir='ltr'>tensis</span> <span class='ocrx_word' id='word_1_91' title='bbox 150 1054 284 1093; x_wconf 86' lang='lat' dir='ltr'>subjecti</span> <span class='ocrx_word' id='word_1_92' title='bbox 312 1062 406 1092; x_wconf 89' lang='lat' dir='ltr'>super</span> <span class='ocrx_word' id='word_1_93' title='bbox 431 1052 653 1091; x_wconf 84' lang='lat' dir='ltr'>personalibus</span> <span class='ocrx_word' id='word_1_94' title='bbox 681 1057 710 1082; x_wconf 91' lang='lat' dir='ltr'>et</span> <span class='ocrx_word' id='word_1_95' title='bbox 741 1053 835 1083; x_wconf 89' lang='lat' dir='ltr'>rebus</span> <span class='ocrx_word' id='word_1_96' title='bbox 855 1053 1027 1084; x_wconf 86' lang='lat' dir='ltr'>mobilibus</span> 
     </span>
     <span class='ocr_line' id='line_1_15' title="bbox 29 1105 1027 1145; baseline -0.003 -6"><span class='ocrx_word' id='word_1_97' title='bbox 29 1116 150 1140; x_wconf 86' lang='lat' dir='ltr'>necnon</span> <span class='ocrx_word' id='word_1_98' title='bbox 168 1106 388 1137; x_wconf 85' lang='lat' dir='ltr'>immobilibus</span> <span class='ocrx_word' id='word_1_99' title='bbox 404 1115 483 1145; x_wconf 86' lang='lat' dir='ltr'>quas</span> <span class='ocrx_word' id='word_1_100' title='bbox 504 1115 522 1135; x_wconf 88' lang='lat' dir='ltr'>a</span> <span class='ocrx_word' id='word_1_101' title='bbox 545 1105 633 1135; x_wconf 91' lang='lat' dir='ltr'>nullo</span> <span class='ocrx_word' id='word_1_102' title='bbox 652 1115 684 1136; x_wconf 92' lang='lat' dir='ltr'>se</span> <span class='ocrx_word' id='word_1_103' title='bbox 704 1112 851 1136; x_wconf 86' lang='lat' dir='ltr'>asserunt</span> <span class='ocrx_word' id='word_1_104' title='bbox 868 1111 975 1138; x_wconf 90' lang='lat' dir='ltr'>tenere</span> <span class='ocrx_word' id='word_1_105' title='bbox 992 1107 1027 1136; x_wconf 93' lang='lat' dir='ltr'>in</span> 
     </span>
     <span class='ocr_line' id='line_1_16' title="bbox 29 1158 1027 1200; baseline -0.002 -8"><span class='ocrx_word' id='word_1_106' title='bbox 29 1160 155 1192; x_wconf 76' lang='lat' dir='ltr'>seudum</span> <span class='ocrx_word' id='word_1_107' title='bbox 167 1160 203 1189; x_wconf 89' lang='lat' dir='ltr'>in</span> <span class='ocrx_word' id='word_1_108' title='bbox 221 1160 309 1190; x_wconf 90' lang='lat' dir='ltr'>curia</span> <span class='ocrx_word' id='word_1_109' title='bbox 322 1159 411 1197; x_wconf 84' lang='lat' dir='ltr'>regia</span> <span class='ocrx_word' id='word_1_110' title='bbox 424 1158 474 1188; x_wconf 94' lang='lat' dir='ltr'>vel</span> <span class='ocrx_word' id='word_1_111' title='bbox 489 1158 679 1189; x_wconf 83' lang='lat' dir='ltr'>officialibus</span> <span class='ocrx_word' id='word_1_112' title='bbox 695 1160 880 1190; x_wconf 87' lang='lat' dir='ltr'>memoratis</span> <span class='ocrx_word' id='word_1_113' title='bbox 896 1170 1027 1200; x_wconf 89' lang='lat' dir='ltr'>respon-</span> 
     </span>
     <span class='ocr_line' id='line_1_17' title="bbox 29 1199 387 1251; baseline -0.008 -7"><span class='ocrx_word' id='word_1_114' title='bbox 29 1199 101 1244; x_wconf 73' lang='lat' dir='ltr'>dere</span> <span class='ocrx_word' id='word_1_115' title='bbox 112 1217 268 1251; x_wconf 88' lang='lat' dir='ltr'>coguntur</span> <span class='ocrx_word' id='word_1_116' title='bbox 283 1212 387 1241; x_wconf 88' lang='lat' dir='ltr'>inviti.</span> 
     </span>
    </p>

    <p class='ocr_par' dir='ltr' id='par_1_4' title="bbox 0 1265 1040 3061">
     <span class='ocr_line' id='line_1_18' title="bbox 67 1265 1028 1305; baseline 0.002 -9"><span class='ocrx_word' id='word_1_117' title='bbox 67 1266 146 1296; x_wconf 82' lang='lat' dir='ltr'>Item</span> <span class='ocrx_word' id='word_1_118' title='bbox 161 1265 336 1295; x_wconf 73' lang='lat' dir='ltr'>familiares</span> <span class='ocrx_word' id='word_1_119' title='bbox 348 1265 440 1303; x_wconf 85' lang='lat' dir='ltr'>regii,</span> <span class='ocrx_word' id='word_1_120' title='bbox 456 1273 530 1294; x_wconf 88' lang='lat' dir='ltr'>cum</span> <span class='ocrx_word' id='word_1_121' title='bbox 543 1273 651 1303; x_wconf 85' lang='lat' dir='ltr'>regem</span> <span class='ocrx_word' id='word_1_122' title='bbox 663 1265 769 1303; x_wconf 87' lang='lat' dir='ltr'>ipsum</span> <span class='ocrx_word' id='word_1_123' title='bbox 784 1267 942 1305; x_wconf 81' lang='lat' dir='ltr'>contingit</span> <span class='ocrx_word' id='word_1_124' title='bbox 955 1267 1028 1298; x_wconf 91' lang='lat' dir='ltr'>Car-</span> 
     </span>
     <span class='ocr_line' id='line_1_19' title="bbox 30 1317 1026 1358; baseline 0.001 -8"><span class='ocrx_word' id='word_1_125' title='bbox 30 1323 137 1350; x_wconf 90' lang='lat' dir='ltr'>notum</span> <span class='ocrx_word' id='word_1_126' title='bbox 151 1317 312 1356; x_wconf 83' lang='lat' dir='ltr'>accedere,</span> <span class='ocrx_word' id='word_1_127' title='bbox 324 1317 550 1347; x_wconf 85' lang='lat' dir='ltr'>canonicorum</span> <span class='ocrx_word' id='word_1_128' title='bbox 566 1318 674 1347; x_wconf 88' lang='lat' dir='ltr'>domos</span> <span class='ocrx_word' id='word_1_129' title='bbox 686 1318 840 1349; x_wconf 86' lang='lat' dir='ltr'>violenter</span> <span class='ocrx_word' id='word_1_130' title='bbox 851 1320 1026 1358; x_wconf 88' lang='lat' dir='ltr'>introeunt,</span> 
     </span>
     <span class='ocr_line' id='line_1_20' title="bbox 31 1370 1029 1413; baseline 0.003 -11"><span class='ocrx_word' id='word_1_131' title='bbox 31 1371 136 1411; x_wconf 87' lang='lat' dir='ltr'>eisque</span> <span class='ocrx_word' id='word_1_132' title='bbox 153 1370 334 1401; x_wconf 88' lang='lat' dir='ltr'>nolentibus</span> <span class='ocrx_word' id='word_1_133' title='bbox 350 1370 432 1400; x_wconf 91' lang='lat' dir='ltr'>inihi</span> <span class='ocrx_word' id='word_1_134' title='bbox 446 1370 661 1409; x_wconf 79' lang='lat' dir='ltr'>hospitantur,</span> <span class='ocrx_word' id='word_1_135' title='bbox 674 1381 710 1401; x_wconf 90' lang='lat' dir='ltr'>ac</span> <span class='ocrx_word' id='word_1_136' title='bbox 722 1372 806 1402; x_wconf 86' lang='lat' dir='ltr'>bona</span> <span class='ocrx_word' id='word_1_137' title='bbox 819 1373 961 1412; x_wconf 89' lang='lat' dir='ltr'>ipsorum</span> <span class='ocrx_word' id='word_1_138' title='bbox 973 1384 1029 1413; x_wconf 93' lang='lat' dir='ltr'>pro</span> 
     </span>
     <span class='ocr_line' id='line_1_21' title="bbox 29 1424 1029 1467; baseline 0.002 -11"><span class='ocrx_word' id='word_1_139' title='bbox 29 1434 84 1456; x_wconf 85' lang='lat' dir='ltr'>sno</span> <span class='ocrx_word' id='word_1_140' title='bbox 97 1424 184 1455; x_wconf 89' lang='lat' dir='ltr'>libito</span> <span class='ocrx_word' id='word_1_141' title='bbox 197 1425 325 1463; x_wconf 87' lang='lat' dir='ltr'>capiunt</span> <span class='ocrx_word' id='word_1_142' title='bbox 341 1424 490 1463; x_wconf 84' lang='lat' dir='ltr'>nequiter</span> <span class='ocrx_word' id='word_1_143' title='bbox 503 1429 533 1454; x_wconf 91' lang='lat' dir='ltr'>et</span> <span class='ocrx_word' id='word_1_144' title='bbox 549 1429 719 1463; x_wconf 86' lang='lat' dir='ltr'>asportant.</span> <span class='ocrx_word' id='word_1_145' title='bbox 737 1426 818 1456; x_wconf 87' lang='lat' dir='ltr'>Cum</span> <span class='ocrx_word' id='word_1_146' title='bbox 835 1431 941 1457; x_wconf 87' lang='lat' dir='ltr'>autem</span> <span class='ocrx_word' id='word_1_147' title='bbox 960 1438 1029 1467; x_wconf 87' lang='lat' dir='ltr'>pre-</span> 
     </span>
     <span class='ocr_line' id='line_1_22' title="bbox 31 1478 1028 1520; baseline 0.003 -11"><span class='ocrx_word' id='word_1_148' title='bbox 31 1479 128 1509; x_wconf 81' lang='lat' dir='ltr'>fatum</span> <span class='ocrx_word' id='word_1_149' title='bbox 142 1478 315 1517; x_wconf 83' lang='lat' dir='ltr'>capitulum</span> <span class='ocrx_word' id='word_1_150' title='bbox 330 1478 365 1507; x_wconf 87' lang='lat' dir='ltr'>in</span> <span class='ocrx_word' id='word_1_151' title='bbox 379 1478 533 1508; x_wconf 85' lang='lat' dir='ltr'>officiales</span> <span class='ocrx_word' id='word_1_152' title='bbox 545 1478 684 1516; x_wconf 87' lang='lat' dir='ltr'>eosdem,</span> <span class='ocrx_word' id='word_1_153' title='bbox 696 1480 772 1518; x_wconf 88' lang='lat' dir='ltr'>quia</span> <span class='ocrx_word' id='word_1_154' title='bbox 785 1490 839 1519; x_wconf 88' lang='lat' dir='ltr'>per</span> <span class='ocrx_word' id='word_1_155' title='bbox 853 1482 1028 1520; x_wconf 87' lang='lat' dir='ltr'>capitulum</span> 
     </span>
     <span class='ocr_line' id='line_1_23' title="bbox 31 1531 1030 1572; baseline 0.003 -10"><span class='ocrx_word' id='word_1_156' title='bbox 31 1531 135 1571; x_wconf 83' lang='lat' dir='ltr'>ipsum</span> <span class='ocrx_word' id='word_1_157' title='bbox 148 1531 262 1561; x_wconf 90' lang='lat' dir='ltr'>moniti</span> <span class='ocrx_word' id='word_1_158' title='bbox 273 1532 312 1561; x_wconf 87' lang='lat' dir='ltr'>ab</span> <span class='ocrx_word' id='word_1_159' title='bbox 325 1531 512 1570; x_wconf 90' lang='lat' dir='ltr'>hujusmodi</span> <span class='ocrx_word' id='word_1_160' title='bbox 530 1531 684 1562; x_wconf 90' lang='lat' dir='ltr'>molestiis</span> <span class='ocrx_word' id='word_1_161' title='bbox 700 1537 730 1562; x_wconf 91' lang='lat' dir='ltr'>et</span> <span class='ocrx_word' id='word_1_162' title='bbox 744 1533 875 1572; x_wconf 86' lang='lat' dir='ltr'>injuriis</span> <span class='ocrx_word' id='word_1_163' title='bbox 893 1535 1030 1566; x_wconf 89' lang='lat' dir='ltr'>minime</span> 
     </span>
     <span class='ocr_line' id='line_1_24' title="bbox 32 1584 1031 1626; baseline 0.004 -11"><span class='ocrx_word' id='word_1_164' title='bbox 32 1585 222 1616; x_wconf 77' lang='lat' dir='ltr'>desistebant</span> <span class='ocrx_word' id='word_1_165' title='bbox 236 1609 242 1622; x_wconf 85' lang='lat'>,</span> <span class='ocrx_word' id='word_1_166' title='bbox 279 1584 422 1614; x_wconf 84' lang='lat' dir='ltr'>diversas</span> <span class='ocrx_word' id='word_1_167' title='bbox 456 1585 823 1626; x_wconf 80' lang='lat' dir='ltr'>excommunicationum</span> <span class='ocrx_word' id='word_1_168' title='bbox 857 1590 1031 1619; x_wconf 88' lang='lat' dir='ltr'>sententias</span> 
     </span>
     <span class='ocr_line' id='line_1_25' title="bbox 36 1637 1031 1677; baseline 0.004 -9"><span class='ocrx_word' id='word_1_169' title='bbox 36 1639 216 1668; x_wconf 89' lang='lat' dir='ltr'>auctoritate</span> <span class='ocrx_word' id='word_1_170' title='bbox 243 1637 488 1677; x_wconf 82' lang='lat' dir='ltr'>privilegiorum</span> <span class='ocrx_word' id='word_1_171' title='bbox 510 1637 653 1676; x_wconf 87' lang='lat' dir='ltr'>ipsorum</span> <span class='ocrx_word' id='word_1_172' title='bbox 676 1645 706 1668; x_wconf 89' lang='lat' dir='ltr'>et</span> <span class='ocrx_word' id='word_1_173' title='bbox 730 1639 826 1669; x_wconf 89' lang='lat' dir='ltr'>etiam</span> <span class='ocrx_word' id='word_1_174' title='bbox 846 1642 1031 1672; x_wconf 88' lang='lat' dir='ltr'>auctoritate</span> 
     </span>
     <span class='ocr_line' id='line_1_26' title="bbox 33 1690 1030 1734; baseline 0.004 -14"><span class='ocrx_word' id='word_1_175' title='bbox 33 1690 192 1721; x_wconf 89' lang='lat' dir='ltr'>ordinaria</span> <span class='ocrx_word' id='word_1_176' title='bbox 211 1690 477 1729; x_wconf 79' lang='lat' dir='ltr'>promulgassent,</span> <span class='ocrx_word' id='word_1_177' title='bbox 502 1695 532 1721; x_wconf 92' lang='lat' dir='ltr'>et</span> <span class='ocrx_word' id='word_1_178' title='bbox 556 1691 683 1721; x_wconf 88' lang='lat' dir='ltr'>tandem</span> <span class='ocrx_word' id='word_1_179' title='bbox 699 1693 930 1724; x_wconf 89' lang='lat' dir='ltr'>sententiarum</span> <span class='ocrx_word' id='word_1_180' title='bbox 947 1695 1030 1734; x_wconf 90' lang='lat' dir='ltr'>ipsa-</span> 
     </span>
     <span class='ocr_line' id='line_1_27' title="bbox 34 1743 1032 1784; baseline 0.005 -10"><span class='ocrx_word' id='word_1_181' title='bbox 34 1752 103 1774; x_wconf 87' lang='lat' dir='ltr'>rum</span> <span class='ocrx_word' id='word_1_182' title='bbox 118 1743 249 1783; x_wconf 88' lang='lat' dir='ltr'>prelatio</span> <span class='ocrx_word' id='word_1_183' title='bbox 262 1743 303 1773; x_wconf 84' lang='lat' dir='ltr'>ad&#39;</span> <span class='ocrx_word' id='word_1_184' title='bbox 317 1744 406 1773; x_wconf 89' lang='lat' dir='ltr'>curie</span> <span class='ocrx_word' id='word_1_185' title='bbox 420 1743 535 1782; x_wconf 83' lang='lat' dir='ltr'>regalis</span> <span class='ocrx_word' id='word_1_186' title='bbox 550 1745 694 1774; x_wconf 84' lang='lat' dir='ltr'>notitiam</span> <span class='ocrx_word' id='word_1_187' title='bbox 708 1747 914 1784; x_wconf 86' lang='lat' dir='ltr'>pervenisset,</span> <span class='ocrx_word' id='word_1_188' title='bbox 929 1757 1002 1778; x_wconf 80' lang='lat' dir='ltr'>mox</span> <span class='ocrx_word' id='word_1_189' title='bbox 1014 1758 1032 1778; x_wconf 88' lang='lat' dir='ltr'>a</span> 
     </span>
     <span class='ocr_line' id='line_1_28' title="bbox 33 1796 1033 1839; baseline 0.005 -13"><span class='ocrx_word' id='word_1_190' title='bbox 33 1797 119 1827; x_wconf 90' lang='lat' dir='ltr'>curia</span> <span class='ocrx_word' id='word_1_191' title='bbox 131 1797 198 1836; x_wconf 90' lang='lat' dir='ltr'>ipsa</span> <span class='ocrx_word' id='word_1_192' title='bbox 210 1796 365 1827; x_wconf 87' lang='lat' dir='ltr'>nonnulle</span> <span class='ocrx_word' id='word_1_193' title='bbox 377 1802 527 1835; x_wconf 79' lang='lat' dir='ltr'>urgentes</span> <span class='ocrx_word' id='word_1_194' title='bbox 539 1802 568 1827; x_wconf 92' lang='lat' dir='ltr'>et</span> <span class='ocrx_word' id='word_1_195' title='bbox 579 1799 773 1837; x_wconf 87' lang='lat' dir='ltr'>preceptorie</span> <span class='ocrx_word' id='word_1_196' title='bbox 784 1808 819 1829; x_wconf 89' lang='lat' dir='ltr'>ac</span> <span class='ocrx_word' id='word_1_197' title='bbox 831 1801 1033 1839; x_wconf 82' lang='lat' dir='ltr'>expresselit-</span> 
     </span>
     <span class='ocr_line' id='line_1_29' title="bbox 36 1850 1029 1893; baseline 0.006 -13"><span class='ocrx_word' id='word_1_198' title='bbox 36 1855 98 1880; x_wconf 90' lang='lat' dir='ltr'>tere</span> <span class='ocrx_word' id='word_1_199' title='bbox 111 1850 150 1880; x_wconf 89' lang='lat' dir='ltr'>ad</span> <span class='ocrx_word' id='word_1_200' title='bbox 161 1850 371 1881; x_wconf 88' lang='lat' dir='ltr'>Carnotenses</span> <span class='ocrx_word' id='word_1_201' title='bbox 387 1856 417 1880; x_wconf 88' lang='lat' dir='ltr'>et</span> <span class='ocrx_word' id='word_1_202' title='bbox 430 1850 573 1881; x_wconf 87' lang='lat' dir='ltr'>locorum</span> <span class='ocrx_word' id='word_1_203' title='bbox 586 1851 767 1882; x_wconf 86' lang='lat' dir='ltr'>vicinorum</span> <span class='ocrx_word' id='word_1_204' title='bbox 780 1853 902 1884; x_wconf 87' lang='lat' dir='ltr'>balivos</span> <span class='ocrx_word' id='word_1_205' title='bbox 913 1855 1029 1893; x_wconf 80' lang='lat' dir='ltr'>regios,</span> 
     </span>
     <span class='ocr_line' id='line_1_30' title="bbox 34 1903 1034 1941; baseline 0.005 -8"><span class='ocrx_word' id='word_1_206' title='bbox 34 1903 112 1934; x_wconf 88' lang='lat' dir='ltr'>sicut</span> <span class='ocrx_word' id='word_1_207' title='bbox 134 1904 301 1941; x_wconf 82' lang='lat' dir='ltr'>asseritur,</span> <span class='ocrx_word' id='word_1_208' title='bbox 328 1909 529 1941; x_wconf 89' lang='lat' dir='ltr'>emanarunt,</span> <span class='ocrx_word' id='word_1_209' title='bbox 555 1905 640 1934; x_wconf 89' lang='lat' dir='ltr'>inter</span> <span class='ocrx_word' id='word_1_210' title='bbox 664 1909 766 1935; x_wconf 88' lang='lat' dir='ltr'>cetera</span> <span class='ocrx_word' id='word_1_211' title='bbox 781 1907 983 1938; x_wconf 86' lang='lat' dir='ltr'>continentes</span> <span class='ocrx_word' id='word_1_212' title='bbox 999 1912 1034 1938; x_wconf 83' lang='lat' dir='ltr'>ut</span> 
     </span>
     <span class='ocr_line' id='line_1_31' title="bbox 34 1956 1033 1999; baseline 0.005 -13"><span class='ocrx_word' id='word_1_213' title='bbox 34 1956 184 1995; x_wconf 78' lang='lat' dir='ltr'>prefatum</span> <span class='ocrx_word' id='word_1_214' title='bbox 201 1956 393 1996; x_wconf 87' lang='lat' dir='ltr'>capitulum,</span> <span class='ocrx_word' id='word_1_215' title='bbox 412 1966 467 1996; x_wconf 90' lang='lat' dir='ltr'>per</span> <span class='ocrx_word' id='word_1_216' title='bbox 482 1958 640 1988; x_wconf 82' lang='lat' dir='ltr'>bonorum</span> <span class='ocrx_word' id='word_1_217' title='bbox 661 1967 792 1989; x_wconf 90' lang='lat' dir='ltr'>suorum</span> <span class='ocrx_word' id='word_1_218' title='bbox 811 1960 1033 1999; x_wconf 79' lang='lat' dir='ltr'>temporalium</span> 
     </span>
     <span class='ocr_line' id='line_1_32' title="bbox 34 2009 1033 2052; baseline 0.005 -13"><span class='ocrx_word' id='word_1_219' title='bbox 34 2009 224 2048; x_wconf 89' lang='lat' dir='ltr'>captionem,</span> <span class='ocrx_word' id='word_1_220' title='bbox 245 2010 284 2040; x_wconf 90' lang='lat' dir='ltr'>ad</span> <span class='ocrx_word' id='word_1_221' title='bbox 304 2010 538 2041; x_wconf 89' lang='lat' dir='ltr'>revocationem</span> <span class='ocrx_word' id='word_1_222' title='bbox 556 2012 791 2042; x_wconf 88' lang='lat' dir='ltr'>sententiarum</span> <span class='ocrx_word' id='word_1_223' title='bbox 808 2013 951 2052; x_wconf 87' lang='lat' dir='ltr'>ipsarum</span> <span class='ocrx_word' id='word_1_224' title='bbox 968 2014 1033 2044; x_wconf 89' lang='lat' dir='ltr'>dis-</span> 
     </span>
     <span class='ocr_line' id='line_1_33' title="bbox 0 2062 1032 2105; baseline 0.006 -14"><span class='ocrx_word' id='word_1_225' title='bbox 0 2075 5 2079; x_wconf 85' lang='lat'>·</span> <span class='ocrx_word' id='word_1_226' title='bbox 36 2062 154 2092; x_wconf 88' lang='lat' dir='ltr'>trictius</span> <span class='ocrx_word' id='word_1_227' title='bbox 175 2067 367 2100; x_wconf 70' lang='lat' dir='ltr'>coartati-ent,</span> <span class='ocrx_word' id='word_1_228' title='bbox 390 2072 526 2103; x_wconf 89' lang='lat' dir='ltr'>cumque</span> <span class='ocrx_word' id='word_1_229' title='bbox 544 2065 658 2102; x_wconf 84' lang='lat' dir='ltr'>prefati</span> <span class='ocrx_word' id='word_1_230' title='bbox 677 2065 795 2103; x_wconf 85' lang='lat' dir='ltr'>balivi,</span> <span class='ocrx_word' id='word_1_231' title='bbox 820 2067 953 2105; x_wconf 85' lang='lat' dir='ltr'>receptis</span> <span class='ocrx_word' id='word_1_232' title='bbox 970 2068 1032 2097; x_wconf 87' lang='lat' dir='ltr'>eis-</span> 
     </span>
     <span class='ocr_line' id='line_1_34' title="bbox 35 2115 1034 2158; baseline 0.006 -13"><span class='ocrx_word' id='word_1_233' title='bbox 35 2115 104 2146; x_wconf 88' lang='lat' dir='ltr'>dem</span> <span class='ocrx_word' id='word_1_234' title='bbox 121 2115 244 2152; x_wconf 82' lang='lat' dir='ltr'>litteris,</span> <span class='ocrx_word' id='word_1_235' title='bbox 262 2116 439 2155; x_wconf 88' lang='lat' dir='ltr'>capitulum</span> <span class='ocrx_word' id='word_1_236' title='bbox 455 2117 559 2156; x_wconf 88' lang='lat' dir='ltr'>ipsum</span> <span class='ocrx_word' id='word_1_237' title='bbox 575 2127 670 2156; x_wconf 89' lang='lat' dir='ltr'>super</span> <span class='ocrx_word' id='word_1_238' title='bbox 683 2119 867 2158; x_wconf 88' lang='lat' dir='ltr'>hujusmodi</span> <span class='ocrx_word' id='word_1_239' title='bbox 884 2130 1034 2151; x_wconf 84' lang='lat' dir='ltr'>revocan-</span> 
     </span>
     <span class='ocr_line' id='line_1_35' title="bbox 35 2167 1034 2212; baseline 0.007 -15"><span class='ocrx_word' id='word_1_240' title='bbox 35 2167 82 2198; x_wconf 85' lang='lat' dir='ltr'>dis</span> <span class='ocrx_word' id='word_1_241' title='bbox 97 2168 262 2198; x_wconf 87' lang='lat' dir='ltr'>sententiis</span> <span class='ocrx_word' id='word_1_242' title='bbox 279 2178 314 2199; x_wconf 81' lang='lat' dir='ltr'>ex</span> <span class='ocrx_word' id='word_1_243' title='bbox 330 2174 417 2208; x_wconf 88' lang='lat' dir='ltr'>parte</span> <span class='ocrx_word' id='word_1_244' title='bbox 434 2170 518 2208; x_wconf 85' lang='lat' dir='ltr'>regia</span> <span class='ocrx_word' id='word_1_245' title='bbox 537 2171 747 2207; x_wconf 87' lang='lat' dir='ltr'>monuissent,</span> <span class='ocrx_word' id='word_1_246' title='bbox 766 2173 842 2202; x_wconf 89' lang='lat' dir='ltr'>dicti</span> <span class='ocrx_word' id='word_1_247' title='bbox 858 2174 1034 2212; x_wconf 85' lang='lat' dir='ltr'>capitulum</span> 
     </span>
     <span class='ocr_line' id='line_1_36' title="bbox 35 2221 1033 2266; baseline 0.007 -15"><span class='ocrx_word' id='word_1_248' title='bbox 35 2221 367 2252; x_wconf 83' lang='lat' dir='ltr'>excommunicationis</span> <span class='ocrx_word' id='word_1_249' title='bbox 382 2222 568 2262; x_wconf 83' lang='lat' dir='ltr'>hujusmodi</span> <span class='ocrx_word' id='word_1_250' title='bbox 584 2223 769 2262; x_wconf 82' lang='lat' dir='ltr'>liberaliter,</span> <span class='ocrx_word' id='word_1_251' title='bbox 789 2231 946 2264; x_wconf 88' lang='lat' dir='ltr'>quantum</span> <span class='ocrx_word' id='word_1_252' title='bbox 962 2236 1033 2266; x_wconf 88' lang='lat' dir='ltr'>pos—</span> 
     </span>
     <span class='ocr_line' id='line_1_37' title="bbox 36 2274 1033 2316; baseline 0.007 -13"><span class='ocrx_word' id='word_1_253' title='bbox 36 2279 114 2312; x_wconf 84' lang='lat' dir='ltr'>sent,</span> <span class='ocrx_word' id='word_1_254' title='bbox 125 2274 330 2305; x_wconf 87' lang='lat' dir='ltr'>absolutionis</span> <span class='ocrx_word' id='word_1_255' title='bbox 344 2276 549 2314; x_wconf 78' lang='lat' dir='ltr'>beneficium,</span> <span class='ocrx_word' id='word_1_256' title='bbox 563 2278 652 2316; x_wconf 83' lang='lat' dir='ltr'>juxta</span> <span class='ocrx_word' id='word_1_257' title='bbox 666 2278 796 2308; x_wconf 84' lang='lat' dir='ltr'>ecclesie</span> <span class='ocrx_word' id='word_1_258' title='bbox 808 2279 956 2316; x_wconf 81' lang='lat' dir='ltr'>sormam,</span> <span class='ocrx_word' id='word_1_259' title='bbox 972 2281 1033 2310; x_wconf 92' lang='lat' dir='ltr'>im-</span> 
     </span>
     <span class='ocr_line' id='line_1_38' title="bbox 37 2327 1033 2372; baseline 0.008 -16"><span class='ocrx_word' id='word_1_260' title='bbox 37 2327 170 2366; x_wconf 85' lang='lat' dir='ltr'>pendere</span> <span class='ocrx_word' id='word_1_261' title='bbox 187 2328 382 2358; x_wconf 88' lang='lat' dir='ltr'>obtulerunt.</span> <span class='ocrx_word' id='word_1_262' title='bbox 400 2329 462 2359; x_wconf 84' lang='lat' dir='ltr'>Sed</span> <span class='ocrx_word' id='word_1_263' title='bbox 479 2330 576 2359; x_wconf 90' lang='lat' dir='ltr'>iidem</span> <span class='ocrx_word' id='word_1_264' title='bbox 593 2331 691 2361; x_wconf 88' lang='lat' dir='ltr'>balivi</span> <span class='ocrx_word' id='word_1_265' title='bbox 707 2336 736 2361; x_wconf 93' lang='lat' dir='ltr'>et</span> <span class='ocrx_word' id='word_1_266' title='bbox 751 2341 884 2370; x_wconf 90' lang='lat' dir='ltr'>persone</span> <span class='ocrx_word' id='word_1_267' title='bbox 900 2334 1033 2372; x_wconf 90' lang='lat' dir='ltr'>premis-</span> 
     </span>
     <span class='ocr_line' id='line_1_39' title="bbox 37 2379 1032 2424; baseline 0.008 -15"><span class='ocrx_word' id='word_1_268' title='bbox 37 2379 79 2410; x_wconf 85' lang='lat' dir='ltr'>sis</span> <span class='ocrx_word' id='word_1_269' title='bbox 92 2379 186 2418; x_wconf 89' lang='lat' dir='ltr'>ligate</span> <span class='ocrx_word' id='word_1_270' title='bbox 200 2382 366 2411; x_wconf 85' lang='lat' dir='ltr'>sententiis</span> <span class='ocrx_word' id='word_1_271' title='bbox 377 2382 410 2411; x_wconf 89' lang='lat' dir='ltr'>id</span> <span class='ocrx_word' id='word_1_272' title='bbox 423 2388 585 2422; x_wconf 88' lang='lat' dir='ltr'>acceptare</span> <span class='ocrx_word' id='word_1_273' title='bbox 599 2393 654 2414; x_wconf 91' lang='lat' dir='ltr'>seu</span> <span class='ocrx_word' id='word_1_274' title='bbox 668 2385 836 2416; x_wconf 87' lang='lat' dir='ltr'>admittere</span> <span class='ocrx_word' id='word_1_275' title='bbox 848 2386 1032 2424; x_wconf 84' lang='lat' dir='ltr'>uoluerunt,</span> 
     </span>
     <span class='ocr_line' id='line_1_40' title="bbox 38 2433 1036 2478; baseline 0.008 -16"><span class='ocrx_word' id='word_1_276' title='bbox 38 2433 99 2463; x_wconf 89' lang='lat' dir='ltr'>nisi</span> <span class='ocrx_word' id='word_1_277' title='bbox 122 2434 208 2473; x_wconf 83' lang='lat' dir='ltr'>prius</span> <span class='ocrx_word' id='word_1_278' title='bbox 230 2435 403 2473; x_wconf 88' lang='lat' dir='ltr'>capitulum</span> <span class='ocrx_word' id='word_1_279' title='bbox 420 2436 538 2475; x_wconf 88' lang='lat' dir='ltr'>ipsum,</span> <span class='ocrx_word' id='word_1_280' title='bbox 558 2437 649 2467; x_wconf 90' lang='lat' dir='ltr'>nulla</span> <span class='ocrx_word' id='word_1_281' title='bbox 664 2439 864 2469; x_wconf 87' lang='lat' dir='ltr'>restitutione</span> <span class='ocrx_word' id='word_1_282' title='bbox 881 2441 1036 2478; x_wconf 87' lang='lat' dir='ltr'>premissa</span> 
     </span>
     <span class='ocr_line' id='line_1_41' title="bbox 39 2485 1034 2527; baseline 0.007 -11"><span class='ocrx_word' id='word_1_283' title='bbox 39 2485 86 2517; x_wconf 86' lang='lat' dir='ltr'>vel</span> <span class='ocrx_word' id='word_1_284' title='bbox 103 2487 236 2517; x_wconf 87' lang='lat' dir='ltr'>emenda</span> <span class='ocrx_word' id='word_1_285' title='bbox 257 2488 398 2527; x_wconf 86' lang='lat' dir='ltr'>prestita,</span> <span class='ocrx_word' id='word_1_286' title='bbox 418 2490 591 2520; x_wconf 87' lang='lat' dir='ltr'>sententias</span> <span class='ocrx_word' id='word_1_287' title='bbox 607 2497 771 2522; x_wconf 87' lang='lat' dir='ltr'>revocaret</span> <span class='ocrx_word' id='word_1_288' title='bbox 786 2496 816 2522; x_wconf 89' lang='lat' dir='ltr'>et</span> <span class='ocrx_word' id='word_1_289' title='bbox 832 2493 972 2522; x_wconf 85' lang='lat' dir='ltr'>revocari</span> <span class='ocrx_word' id='word_1_290' title='bbox 990 2494 1034 2522; x_wconf 81' lang='lat' dir='ltr'>fa-</span> 
     </span>
     <span class='ocr_line' id='line_1_42' title="bbox 37 2541 1035 2584; baseline 0.008 -15"><span class='ocrx_word' id='word_1_291' title='bbox 37 2545 118 2570; x_wconf 85' lang='lat' dir='ltr'>ceret</span> <span class='ocrx_word' id='word_1_292' title='bbox 136 2541 325 2578; x_wconf 85' lang='lat' dir='ltr'>antedictas,</span> <span class='ocrx_word' id='word_1_293' title='bbox 348 2546 378 2571; x_wconf 90' lang='lat' dir='ltr'>et</span> <span class='ocrx_word' id='word_1_294' title='bbox 401 2543 476 2581; x_wconf 89' lang='lat' dir='ltr'>quia</span> <span class='ocrx_word' id='word_1_295' title='bbox 501 2544 657 2581; x_wconf 85' lang='lat' dir='ltr'>prefatum</span> <span class='ocrx_word' id='word_1_296' title='bbox 675 2545 850 2584; x_wconf 88' lang='lat' dir='ltr'>capitulum</span> <span class='ocrx_word' id='word_1_297' title='bbox 865 2547 897 2576; x_wconf 90' lang='lat' dir='ltr'>id</span> <span class='ocrx_word' id='word_1_298' title='bbox 920 2547 1035 2584; x_wconf 83' lang='lat' dir='ltr'>facere,</span> 
     </span>
     <span class='ocr_line' id='line_1_43' title="bbox 39 2591 1034 2638; baseline 0.008 -16"><span class='ocrx_word' id='word_1_299' title='bbox 39 2591 117 2623; x_wconf 88' lang='lat' dir='ltr'>sicut</span> <span class='ocrx_word' id='word_1_300' title='bbox 132 2602 189 2624; x_wconf 87' lang='lat' dir='ltr'>nec</span> <span class='ocrx_word' id='word_1_301' title='bbox 204 2594 329 2634; x_wconf 87' lang='lat' dir='ltr'>debuit,</span> <span class='ocrx_word' id='word_1_302' title='bbox 345 2597 513 2633; x_wconf 88' lang='lat' dir='ltr'>recusavit,</span> <span class='ocrx_word' id='word_1_303' title='bbox 532 2597 631 2627; x_wconf 88' lang='lat' dir='ltr'>balivi</span> <span class='ocrx_word' id='word_1_304' title='bbox 648 2608 703 2628; x_wconf 89' lang='lat' dir='ltr'>seu</span> <span class='ocrx_word' id='word_1_305' title='bbox 720 2599 872 2630; x_wconf 82' lang='lat' dir='ltr'>officiales</span> <span class='ocrx_word' id='word_1_306' title='bbox 888 2601 1034 2638; x_wconf 87' lang='lat' dir='ltr'>predicti,</span> 
     </span>
     <span class='ocr_line' id='line_1_44' title="bbox 39 2645 1036 2689; baseline 0.009 -15"><span class='ocrx_word' id='word_1_307' title='bbox 39 2645 150 2676; x_wconf 86' lang='lat' dir='ltr'>exinde</span> <span class='ocrx_word' id='word_1_308' title='bbox 174 2647 320 2685; x_wconf 88' lang='lat' dir='ltr'>quamvis</span> <span class='ocrx_word' id='word_1_309' title='bbox 349 2647 482 2686; x_wconf 86' lang='lat' dir='ltr'>indigna</span> <span class='ocrx_word' id='word_1_310' title='bbox 507 2649 685 2680; x_wconf 85' lang='lat' dir='ltr'>turbatione</span> <span class='ocrx_word' id='word_1_311' title='bbox 714 2653 864 2682; x_wconf 91' lang='lat' dir='ltr'>commoti</span> <span class='ocrx_word' id='word_1_312' title='bbox 878 2677 883 2689; x_wconf 89' lang='lat'>,</span> <span class='ocrx_word' id='word_1_313' title='bbox 913 2653 1036 2683; x_wconf 86' lang='lat' dir='ltr'>actibus</span> 
     </span>
     <span class='ocr_line' id='line_1_45' title="bbox 0 2697 1035 2745; baseline 0.009 -17"><span class='ocrx_word' id='word_1_314' title='bbox 0 2719 1 2722; x_wconf 50' lang='lat'><em>=</em></span> <span class='ocrx_word' id='word_1_315' title='bbox 39 2697 155 2730; x_wconf 84' lang='lat' dir='ltr'>illicitis</span> <span class='ocrx_word' id='word_1_316' title='bbox 167 2708 316 2730; x_wconf 85' lang='lat' dir='ltr'>concessa</span> <span class='ocrx_word' id='word_1_317' title='bbox 331 2699 472 2738; x_wconf 88' lang='lat' dir='ltr'>licentia,</span> <span class='ocrx_word' id='word_1_318' title='bbox 488 2706 518 2731; x_wconf 91' lang='lat' dir='ltr'>et</span> <span class='ocrx_word' id='word_1_319' title='bbox 530 2708 638 2733; x_wconf 85' lang='lat' dir='ltr'>contra</span> <span class='ocrx_word' id='word_1_320' title='bbox 653 2705 824 2743; x_wconf 87' lang='lat' dir='ltr'>capitulum</span> <span class='ocrx_word' id='word_1_321' title='bbox 843 2706 949 2745; x_wconf 89' lang='lat' dir='ltr'>ipsum</span> <span class='ocrx_word' id='word_1_322' title='bbox 965 2715 1035 2736; x_wconf 87' lang='lat' dir='ltr'>ma-</span> 
     </span>
     <span class='ocr_line' id='line_1_46' title="bbox 41 2751 1038 2797; baseline 0.007 -16"><span class='ocrx_word' id='word_1_323' title='bbox 41 2751 131 2782; x_wconf 88' lang='lat' dir='ltr'>nibus</span> <span class='ocrx_word' id='word_1_324' title='bbox 146 2753 311 2792; x_wconf 81' lang='lat' dir='ltr'>injuriosis</span> <span class='ocrx_word' id='word_1_325' title='bbox 324 2754 471 2791; x_wconf 81' lang='lat' dir='ltr'>extensis,</span> <span class='ocrx_word' id='word_1_326' title='bbox 488 2763 523 2784; x_wconf 88' lang='lat' dir='ltr'>ac</span> <span class='ocrx_word' id='word_1_327' title='bbox 537 2756 768 2795; x_wconf 84' lang='lat' dir='ltr'>promulgatam</span> <span class='ocrx_word' id='word_1_328' title='bbox 780 2759 814 2787; x_wconf 89' lang='lat' dir='ltr'>in</span> <span class='ocrx_word' id='word_1_329' title='bbox 826 2759 1038 2797; x_wconf 85' lang='lat' dir='ltr'>Lngdnuensi</span> 
     </span>
     <span class='ocr_line' id='line_1_47' title="bbox 0 2804 1038 2843; baseline 0.009 -9"><span class='ocrx_word' id='word_1_330' title='bbox 0 2813 2 2831; x_wconf 76' lang='lat' dir='ltr'>t</span> <span class='ocrx_word' id='word_1_331' title='bbox 40 2804 171 2835; x_wconf 90' lang='lat' dir='ltr'>concilio</span> <span class='ocrx_word' id='word_1_332' title='bbox 201 2806 539 2837; x_wconf 84' lang='lat' dir='ltr'>excommunicationis</span> <span class='ocrx_word' id='word_1_333' title='bbox 565 2811 755 2840; x_wconf 86' lang='lat' dir='ltr'>sententiam</span> <span class='ocrx_word' id='word_1_334' title='bbox 782 2811 946 2842; x_wconf 87' lang='lat' dir='ltr'>incurrere</span> <span class='ocrx_word' id='word_1_335' title='bbox 973 2822 1038 2843; x_wconf 92' lang='lat' dir='ltr'>non</span> 
     </span>
     <span class='ocr_line' id='line_1_48' title="bbox 41 2858 1036 2904; baseline 0.01 -18"><span class='ocrx_word' id='word_1_336' title='bbox 41 2862 193 2895; x_wconf 82' lang='lat' dir='ltr'>verentes,</span> <span class='ocrx_word' id='word_1_337' title='bbox 207 2858 411 2897; x_wconf 84' lang='lat' dir='ltr'>quamplures</span> <span class='ocrx_word' id='word_1_338' title='bbox 424 2859 572 2890; x_wconf 87' lang='lat' dir='ltr'>homines</span> <span class='ocrx_word' id='word_1_339' title='bbox 584 2861 685 2900; x_wconf 85' lang='lat' dir='ltr'>ipsius</span> <span class='ocrx_word' id='word_1_340' title='bbox 699 2863 830 2902; x_wconf 67' lang='lat' dir='ltr'>capituli</span> <span class='ocrx_word' id='word_1_341' title='bbox 843 2865 881 2895; x_wconf 89' lang='lat' dir='ltr'>de</span> <span class='ocrx_word' id='word_1_342' title='bbox 896 2874 1036 2904; x_wconf 87' lang='lat' dir='ltr'>corpore,</span> 
     </span>
     <span class='ocr_line' id='line_1_49' title="bbox 42 2909 1039 2958; baseline 0.009 -18"><span class='ocrx_word' id='word_1_343' title='bbox 42 2909 230 2950; x_wconf 86' lang='lat' dir='ltr'>ubicumque</span> <span class='ocrx_word' id='word_1_344' title='bbox 245 2911 317 2942; x_wconf 88' lang='lat' dir='ltr'>illos</span> <span class='ocrx_word' id='word_1_345' title='bbox 336 2917 481 2950; x_wconf 87' lang='lat' dir='ltr'>poterant</span> <span class='ocrx_word' id='word_1_346' title='bbox 501 2914 664 2952; x_wconf 86' lang='lat' dir='ltr'>invenire,</span> <span class='ocrx_word' id='word_1_347' title='bbox 681 2924 791 2954; x_wconf 87' lang='lat' dir='ltr'>capere</span> <span class='ocrx_word' id='word_1_348' title='bbox 806 2926 842 2947; x_wconf 89' lang='lat' dir='ltr'>ac</span> <span class='ocrx_word' id='word_1_349' title='bbox 858 2919 1039 2958; x_wconf 87' lang='lat' dir='ltr'>mancipare</span> 
     </span>
     <span class='ocr_line' id='line_1_50' title="bbox 42 2963 1040 3004; baseline 0.01 -12"><span class='ocrx_word' id='word_1_350' title='bbox 42 2963 157 2993; x_wconf 86' lang='lat' dir='ltr'>carceri</span> <span class='ocrx_word' id='word_1_351' title='bbox 175 2969 447 3003; x_wconf 88' lang='lat' dir='ltr'>presumpserunt,</span> <span class='ocrx_word' id='word_1_352' title='bbox 465 2974 601 3004; x_wconf 92' lang='lat' dir='ltr'>quorum</span> <span class='ocrx_word' id='word_1_353' title='bbox 618 2968 767 2998; x_wconf 90' lang='lat' dir='ltr'>nonnulli</span> <span class='ocrx_word' id='word_1_354' title='bbox 783 2970 888 3001; x_wconf 88' lang='lat' dir='ltr'>adhuc</span> <span class='ocrx_word' id='word_1_355' title='bbox 903 2972 1040 3002; x_wconf 89' lang='lat' dir='ltr'>detineri</span> 
     </span>
     <span class='ocr_line' id='line_1_51' title="bbox 41 3014 1040 3061; baseline 0.011 -16"><span class='ocrx_word' id='word_1_356' title='bbox 41 3014 205 3053; x_wconf 85' lang='lat' dir='ltr'>dicuntur,</span> <span class='ocrx_word' id='word_1_357' title='bbox 231 3018 349 3047; x_wconf 87' lang='lat' dir='ltr'>carceri</span> <span class='ocrx_word' id='word_1_358' title='bbox 372 3017 474 3048; x_wconf 85' lang='lat' dir='ltr'>taliter</span> <span class='ocrx_word' id='word_1_359' title='bbox 500 3020 680 3058; x_wconf 86' lang='lat' dir='ltr'>mancipati.</span> <span class='ocrx_word' id='word_1_360' title='bbox 708 3021 746 3051; x_wconf 87' lang='lat' dir='ltr'>Et</span> <span class='ocrx_word' id='word_1_361' title='bbox 774 3023 849 3061; x_wconf 90' lang='lat' dir='ltr'>quia</span> <span class='ocrx_word' id='word_1_362' title='bbox 876 3025 1040 3056; x_wconf 86' lang='lat' dir='ltr'>occasione</span> 
     </span>
    </p>
   </div>
   <div class='ocr_carea' id='block_1_3' title="bbox 0 996 29 3312">
    <p class='ocr_par' dir='ltr' id='par_1_5' title="bbox 0 996 29 3312">
     <span class='ocr_line' id='line_1_52' title="bbox 0 996 9 1270; baseline 0 -105"><span class='ocrx_word' id='word_1_363' title='bbox 0 996 9 1270; x_wconf 95' lang='lat' dir='ltr'>    </span> 
     </span>
     <span class='ocr_line' id='line_1_53' title="bbox 0 1270 29 3312; baseline 0 -1909"><span class='ocrx_word' id='word_1_364' title='bbox 0 1270 29 3312; x_wconf 95' lang='lat' dir='ltr'>   </span> 
     </span>
    </p>
   </div>
   <div class='ocr_carea' id='block_1_4' title="bbox 1108 416 2130 3065">
    <p class='ocr_par' dir='ltr' id='par_1_6' title="bbox 1108 416 2116 1197">
     <span class='ocr_line' id='line_1_54' title="bbox 1109 416 2112 455; baseline 0.005 -10"><span class='ocrx_word' id='word_1_365' title='bbox 1109 416 1297 455; x_wconf 80' lang='lat' dir='ltr'>huJusmodi</span> <span class='ocrx_word' id='word_1_366' title='bbox 1315 418 1471 448; x_wconf 89' lang='lat' dir='ltr'>nonnulle</span> <span class='ocrx_word' id='word_1_367' title='bbox 1487 419 1681 449; x_wconf 86' lang='lat' dir='ltr'>monitiones</span> <span class='ocrx_word' id='word_1_368' title='bbox 1697 424 1727 449; x_wconf 90' lang='lat' dir='ltr'>et</span> <span class='ocrx_word' id='word_1_369' title='bbox 1744 420 2112 451; x_wconf 86' lang='lat' dir='ltr'>excommunicationum</span> 
     </span>
     <span class='ocr_line' id='line_1_55' title="bbox 1108 471 2111 512; baseline 0.005 -13"><span class='ocrx_word' id='word_1_370' title='bbox 1108 471 1264 500; x_wconf 89' lang='lat' dir='ltr'>sententie</span> <span class='ocrx_word' id='word_1_371' title='bbox 1277 476 1387 500; x_wconf 89' lang='lat' dir='ltr'>contra</span> <span class='ocrx_word' id='word_1_372' title='bbox 1403 472 1473 502; x_wconf 87' lang='lat' dir='ltr'>illos</span> <span class='ocrx_word' id='word_1_373' title='bbox 1489 473 1673 503; x_wconf 84' lang='lat' dir='ltr'>auctoritate</span> <span class='ocrx_word' id='word_1_374' title='bbox 1686 473 1761 503; x_wconf 86' lang='lat' dir='ltr'>dicti</span> <span class='ocrx_word' id='word_1_375' title='bbox 1774 473 2111 512; x_wconf 85' lang='lat' dir='ltr'>capitulisuntsecute,</span> 
     </span>
     <span class='ocr_line' id='line_1_56' title="bbox 1108 522 2113 566; baseline 0.005 -15"><span class='ocrx_word' id='word_1_376' title='bbox 1108 522 1220 560; x_wconf 82' lang='lat' dir='ltr'>prefati</span> <span class='ocrx_word' id='word_1_377' title='bbox 1239 523 1402 560; x_wconf 81' lang='lat' dir='ltr'>officiales,</span> <span class='ocrx_word' id='word_1_378' title='bbox 1426 525 1578 554; x_wconf 86' lang='lat' dir='ltr'>adversus</span> <span class='ocrx_word' id='word_1_379' title='bbox 1593 525 1770 563; x_wconf 89' lang='lat' dir='ltr'>capitulum</span> <span class='ocrx_word' id='word_1_380' title='bbox 1793 526 1897 564; x_wconf 88' lang='lat' dir='ltr'>ipsum</span> <span class='ocrx_word' id='word_1_381' title='bbox 1913 526 2024 556; x_wconf 89' lang='lat' dir='ltr'>durius</span> <span class='ocrx_word' id='word_1_382' title='bbox 2042 536 2113 566; x_wconf 89' lang='lat' dir='ltr'>pro-</span> 
     </span>
     <span class='ocr_line' id='line_1_57' title="bbox 1109 574 2112 618; baseline 0.007 -15"><span class='ocrx_word' id='word_1_383' title='bbox 1109 574 1267 612; x_wconf 73' lang='lat' dir='ltr'>cedenteS,</span> <span class='ocrx_word' id='word_1_384' title='bbox 1280 577 1523 615; x_wconf 86' lang='lat' dir='ltr'>quampluribus</span> <span class='ocrx_word' id='word_1_385' title='bbox 1539 578 1726 609; x_wconf 90' lang='lat' dir='ltr'>hominibus</span> <span class='ocrx_word' id='word_1_386' title='bbox 1743 584 1772 608; x_wconf 90' lang='lat' dir='ltr'>et</span> <span class='ocrx_word' id='word_1_387' title='bbox 1785 579 1964 618; x_wconf 89' lang='lat' dir='ltr'>hospitibus</span> <span class='ocrx_word' id='word_1_388' title='bbox 1980 580 2112 611; x_wconf 85' lang='lat' dir='ltr'>ecclesie</span> 
     </span>
     <span class='ocr_line' id='line_1_58' title="bbox 1109 628 2112 672; baseline 0.007 -15"><span class='ocrx_word' id='word_1_389' title='bbox 1109 628 1248 666; x_wconf 86' lang='lat' dir='ltr'>predicte</span> <span class='ocrx_word' id='word_1_390' title='bbox 1264 630 1322 659; x_wconf 86' lang='lat' dir='ltr'>sub</span> <span class='ocrx_word' id='word_1_391' title='bbox 1341 639 1421 668; x_wconf 90' lang='lat' dir='ltr'>pena</span> <span class='ocrx_word' id='word_1_392' title='bbox 1440 632 1630 668; x_wconf 85' lang='lat' dir='ltr'>gravissima</span> <span class='ocrx_word' id='word_1_393' title='bbox 1647 632 1810 662; x_wconf 83' lang='lat' dir='ltr'>duxeruut</span> <span class='ocrx_word' id='word_1_394' title='bbox 1826 634 2004 672; x_wconf 80' lang='lat' dir='ltr'>expressius</span> <span class='ocrx_word' id='word_1_395' title='bbox 2023 634 2112 664; x_wconf 88' lang='lat' dir='ltr'>inhi-</span> 
     </span>
     <span class='ocr_line' id='line_1_59' title="bbox 1109 680 2114 725; baseline 0.008 -16"><span class='ocrx_word' id='word_1_396' title='bbox 1109 680 1251 710; x_wconf 90' lang='lat' dir='ltr'>bendum</span> <span class='ocrx_word' id='word_1_397' title='bbox 1271 690 1312 710; x_wconf 91' lang='lat' dir='ltr'>ne</span> <span class='ocrx_word' id='word_1_398' title='bbox 1334 682 1368 711; x_wconf 92' lang='grc'>111</span> <span class='ocrx_word' id='word_1_399' title='bbox 1386 682 1581 713; x_wconf 88' lang='lat' dir='ltr'>molendinis</span> <span class='ocrx_word' id='word_1_400' title='bbox 1605 693 1640 713; x_wconf 86' lang='lat' dir='ltr'>ac</span> <span class='ocrx_word' id='word_1_401' title='bbox 1660 684 1764 714; x_wconf 80' lang='lat' dir='ltr'>furnis</span> <span class='ocrx_word' id='word_1_402' title='bbox 1789 685 1918 715; x_wconf 87' lang='lat' dir='ltr'>ecclesie</span> <span class='ocrx_word' id='word_1_403' title='bbox 1935 691 1963 715; x_wconf 92' lang='lat' dir='ltr'>et</span> <span class='ocrx_word' id='word_1_404' title='bbox 1983 686 2114 725; x_wconf 87' lang='lat' dir='ltr'>capituli</span> 
     </span>
     <span class='ocr_line' id='line_1_60' title="bbox 1109 733 2111 778; baseline 0.008 -16"><span class='ocrx_word' id='word_1_405' title='bbox 1109 733 1334 772; x_wconf 86' lang='lat' dir='ltr'>predictorum,</span> <span class='ocrx_word' id='word_1_406' title='bbox 1348 744 1409 773; x_wconf 89' lang='lat' dir='ltr'>que</span> <span class='ocrx_word' id='word_1_407' title='bbox 1426 736 1575 766; x_wconf 88' lang='lat' dir='ltr'>tenebant</span> <span class='ocrx_word' id='word_1_408' title='bbox 1587 737 1625 766; x_wconf 85' lang='lat' dir='ltr'>ab</span> <span class='ocrx_word' id='word_1_409' title='bbox 1639 737 1697 774; x_wconf 91' lang='lat' dir='ltr'>eis,</span> <span class='ocrx_word' id='word_1_410' title='bbox 1710 747 1844 776; x_wconf 78' lang='lat' dir='ltr'>coquere</span> <span class='ocrx_word' id='word_1_411' title='bbox 1856 748 1890 768; x_wconf 86' lang='lat' dir='ltr'>ac</span> <span class='ocrx_word' id='word_1_412' title='bbox 1904 739 2022 769; x_wconf 89' lang='lat' dir='ltr'>molere</span> <span class='ocrx_word' id='word_1_413' title='bbox 2034 749 2111 778; x_wconf 85' lang='lat' dir='ltr'>quo-</span> 
     </span>
     <span class='ocr_line' id='line_1_61' title="bbox 1110 786 2113 831; baseline 0.008 -16"><span class='ocrx_word' id='word_1_414' title='bbox 1110 786 1282 816; x_wconf 91' lang='lat' dir='ltr'>modolibet</span> <span class='ocrx_word' id='word_1_415' title='bbox 1297 791 1530 826; x_wconf 81' lang='lat' dir='ltr'>attemptarent,</span> <span class='ocrx_word' id='word_1_416' title='bbox 1548 798 1601 818; x_wconf 89' lang='lat' dir='ltr'>seu</span> <span class='ocrx_word' id='word_1_417' title='bbox 1618 789 1687 819; x_wconf 91' lang='lat' dir='ltr'>fieri</span> <span class='ocrx_word' id='word_1_418' title='bbox 1705 790 1736 819; x_wconf 89' lang='lat' dir='ltr'>id</span> <span class='ocrx_word' id='word_1_419' title='bbox 1752 800 1939 829; x_wconf 85' lang='lat' dir='ltr'>aquoquam</span> <span class='ocrx_word' id='word_1_420' title='bbox 1953 793 2113 831; x_wconf 88' lang='lat' dir='ltr'>permitte-</span> 
     </span>
     <span class='ocr_line' id='line_1_62' title="bbox 1110 840 2113 885; baseline 0.008 -17"><span class='ocrx_word' id='word_1_421' title='bbox 1110 844 1181 869; x_wconf 85' lang='lat' dir='ltr'>rent</span> <span class='ocrx_word' id='word_1_422' title='bbox 1198 840 1232 869; x_wconf 90' lang='lat' dir='ltr'>in</span> <span class='ocrx_word' id='word_1_423' title='bbox 1249 841 1381 875; x_wconf 79' lang='lat' dir='ltr'>eisdem,</span> <span class='ocrx_word' id='word_1_424' title='bbox 1396 842 1533 871; x_wconf 90' lang='lat' dir='ltr'>utnulla</span> <span class='ocrx_word' id='word_1_425' title='bbox 1550 852 1586 872; x_wconf 81' lang='lat' dir='ltr'>ex</span> <span class='ocrx_word' id='word_1_426' title='bbox 1604 843 1650 872; x_wconf 90' lang='lat' dir='ltr'>eis</span> <span class='ocrx_word' id='word_1_427' title='bbox 1665 844 1796 873; x_wconf 84' lang='lat' dir='ltr'>ecclesie</span> <span class='ocrx_word' id='word_1_428' title='bbox 1811 850 1840 873; x_wconf 90' lang='lat' dir='ltr'>et</span> <span class='ocrx_word' id='word_1_429' title='bbox 1855 846 1990 883; x_wconf 76' lang='lat' dir='ltr'>capitulo</span> <span class='ocrx_word' id='word_1_430' title='bbox 2006 856 2113 885; x_wconf 87' lang='lat' dir='ltr'>supra-</span> 
     </span>
     <span class='ocr_line' id='line_1_63' title="bbox 1110 892 2114 937; baseline 0.007 -16"><span class='ocrx_word' id='word_1_431' title='bbox 1110 892 1202 922; x_wconf 90' lang='lat' dir='ltr'>dictis</span> <span class='ocrx_word' id='word_1_432' title='bbox 1215 894 1337 923; x_wconf 87' lang='lat' dir='ltr'>utilitas</span> <span class='ocrx_word' id='word_1_433' title='bbox 1349 895 1540 932; x_wconf 87' lang='lat' dir='ltr'>proveniret.</span> <span class='ocrx_word' id='word_1_434' title='bbox 1553 895 1657 925; x_wconf 88' lang='lat' dir='ltr'>Iidem</span> <span class='ocrx_word' id='word_1_435' title='bbox 1668 897 1762 926; x_wconf 89' lang='lat' dir='ltr'>etiam</span> <span class='ocrx_word' id='word_1_436' title='bbox 1777 897 1951 927; x_wconf 82' lang='lat' dir='ltr'>districtius</span> <span class='ocrx_word' id='word_1_437' title='bbox 1964 899 2114 937; x_wconf 79' lang='lat' dir='ltr'>injunxe-</span> 
     </span>
     <span class='ocr_line' id='line_1_64' title="bbox 1110 947 2115 990; baseline 0.007 -15"><span class='ocrx_word' id='word_1_438' title='bbox 1110 951 1186 976; x_wconf 89' lang='lat' dir='ltr'>runt</span> <span class='ocrx_word' id='word_1_439' title='bbox 1214 947 1399 977; x_wconf 88' lang='lat' dir='ltr'>hominibus</span> <span class='ocrx_word' id='word_1_440' title='bbox 1424 952 1454 977; x_wconf 91' lang='lat' dir='ltr'>et</span> <span class='ocrx_word' id='word_1_441' title='bbox 1483 948 1660 986; x_wconf 85' lang='lat' dir='ltr'>hospitibus</span> <span class='ocrx_word' id='word_1_442' title='bbox 1686 950 1833 988; x_wconf 83' lang='lat' dir='ltr'>sepefatis</span> <span class='ocrx_word' id='word_1_443' title='bbox 1857 956 1891 980; x_wconf 88' lang='lat' dir='ltr'>ut</span> <span class='ocrx_word' id='word_1_444' title='bbox 1914 960 2115 990; x_wconf 84' lang='lat' dir='ltr'>quecumque</span> 
     </span>
     <span class='ocr_line' id='line_1_65' title="bbox 1110 999 2115 1042; baseline 0.006 -14"><span class='ocrx_word' id='word_1_445' title='bbox 1110 1007 1167 1028; x_wconf 86' lang='lat' dir='ltr'>sna</span> <span class='ocrx_word' id='word_1_446' title='bbox 1179 999 1316 1038; x_wconf 90' lang='lat' dir='ltr'>etipsius</span> <span class='ocrx_word' id='word_1_447' title='bbox 1324 1000 1455 1038; x_wconf 90' lang='lat' dir='ltr'>capituli</span> <span class='ocrx_word' id='word_1_448' title='bbox 1466 1001 1549 1030; x_wconf 87' lang='lat' dir='ltr'>hona</span> <span class='ocrx_word' id='word_1_449' title='bbox 1559 1001 1688 1031; x_wconf 88' lang='lat' dir='ltr'>mobilia</span> <span class='ocrx_word' id='word_1_450' title='bbox 1697 1002 1730 1031; x_wconf 89' lang='lat' dir='ltr'>in</span> <span class='ocrx_word' id='word_1_451' title='bbox 1740 1012 1850 1032; x_wconf 82' lang='lat' dir='ltr'>eorum</span> <span class='ocrx_word' id='word_1_452' title='bbox 1860 1004 1959 1042; x_wconf 87' lang='lat' dir='ltr'>posita</span> <span class='ocrx_word' id='word_1_453' title='bbox 1968 1004 2115 1035; x_wconf 89' lang='lat' dir='ltr'>domibus</span> 
     </span>
     <span class='ocr_line' id='line_1_66' title="bbox 1110 1053 2113 1095; baseline 0.006 -14"><span class='ocrx_word' id='word_1_454' title='bbox 1110 1056 1197 1082; x_wconf 85' lang='lat' dir='ltr'>extra</span> <span class='ocrx_word' id='word_1_455' title='bbox 1210 1053 1293 1091; x_wconf 85' lang='lat' dir='ltr'>ipsas</span> <span class='ocrx_word' id='word_1_456' title='bbox 1305 1058 1335 1083; x_wconf 90' lang='lat' dir='ltr'>et</span> <span class='ocrx_word' id='word_1_457' title='bbox 1349 1054 1443 1083; x_wconf 89' lang='lat' dir='ltr'>etiam</span> <span class='ocrx_word' id='word_1_458' title='bbox 1461 1055 1611 1092; x_wconf 82' lang='lat' dir='ltr'>grangias</span> <span class='ocrx_word' id='word_1_459' title='bbox 1623 1056 1807 1085; x_wconf 88' lang='lat' dir='ltr'>eorumdem</span> <span class='ocrx_word' id='word_1_460' title='bbox 1820 1066 1949 1095; x_wconf 89' lang='lat' dir='ltr'>prorsus</span> <span class='ocrx_word' id='word_1_461' title='bbox 1962 1058 2113 1095; x_wconf 87' lang='lat' dir='ltr'>eicerent,</span> 
     </span>
     <span class='ocr_line' id='line_1_67' title="bbox 1109 1106 2116 1147; baseline 0.005 -12"><span class='ocrx_word' id='word_1_462' title='bbox 1109 1114 1277 1144; x_wconf 86' lang='lat' dir='ltr'>porcorum</span> <span class='ocrx_word' id='word_1_463' title='bbox 1292 1111 1321 1136; x_wconf 90' lang='lat' dir='ltr'>et</span> <span class='ocrx_word' id='word_1_464' title='bbox 1333 1106 1472 1137; x_wconf 86' lang='lat' dir='ltr'>aliorum</span> <span class='ocrx_word' id='word_1_465' title='bbox 1485 1107 1676 1137; x_wconf 88' lang='lat' dir='ltr'>animalium</span> <span class='ocrx_word' id='word_1_466' title='bbox 1693 1108 1875 1147; x_wconf 87' lang='lat' dir='ltr'>dampnosis</span> <span class='ocrx_word' id='word_1_467' title='bbox 1887 1110 2116 1140; x_wconf 87' lang='lat' dir='ltr'>vastationibus</span> 
     </span>
     <span class='ocr_line' id='line_1_68' title="bbox 1110 1159 1306 1197; baseline 0 -9"><span class='ocrx_word' id='word_1_468' title='bbox 1110 1159 1306 1197; x_wconf 87' lang='lat' dir='ltr'>exponenda.</span> 
     </span>
    </p>

    <p class='ocr_par' dir='ltr' id='par_1_7' title="bbox 1109 1212 2119 1782">
     <span class='ocr_line' id='line_1_69' title="bbox 1149 1212 2115 1254; baseline 0.006 -13"><span class='ocrx_word' id='word_1_469' title='bbox 1149 1212 1230 1242; x_wconf 90' lang='lat' dir='ltr'>Item</span> <span class='ocrx_word' id='word_1_470' title='bbox 1247 1213 1397 1243; x_wconf 88' lang='lat' dir='ltr'>officiales</span> <span class='ocrx_word' id='word_1_471' title='bbox 1413 1214 1558 1252; x_wconf 86' lang='lat' dir='ltr'>predicti,</span> <span class='ocrx_word' id='word_1_472' title='bbox 1575 1215 1762 1254; x_wconf 85' lang='lat' dir='ltr'>hujusmodi</span> <span class='ocrx_word' id='word_1_473' title='bbox 1775 1217 1952 1246; x_wconf 84' lang='lat' dir='ltr'>excessibus</span> <span class='ocrx_word' id='word_1_474' title='bbox 1966 1225 2028 1247; x_wconf 89' lang='grc'><strong>11011</strong></span> <span class='ocrx_word' id='word_1_475' title='bbox 2043 1226 2115 1247; x_wconf 86' lang='grc'><strong>000-</strong></span> 
     </span>
     <span class='ocr_line' id='line_1_70' title="bbox 1110 1266 2116 1306; baseline 0.005 -11"><span class='ocrx_word' id='word_1_476' title='bbox 1110 1266 1209 1302; x_wconf 84' lang='grc'><strong>10011,</strong></span> <span class='ocrx_word' id='word_1_477' title='bbox 1229 1266 1283 1296; x_wconf 84' lang='grc' dir='ltr'>5οᾶ</span> <span class='ocrx_word' id='word_1_478' title='bbox 1298 1267 1407 1305; x_wconf 84' lang='lat' dir='ltr'>culpas</span> <span class='ocrx_word' id='word_1_479' title='bbox 1432 1267 1533 1306; x_wconf 86' lang='lat' dir='ltr'>culpis</span> <span class='ocrx_word' id='word_1_480' title='bbox 1550 1268 1702 1298; x_wconf 88' lang='lat' dir='ltr'>addentes</span> <span class='ocrx_word' id='word_1_481' title='bbox 1721 1273 1750 1299; x_wconf 88' lang='lat' dir='ltr'>et</span> <span class='ocrx_word' id='word_1_482' title='bbox 1768 1278 1913 1300; x_wconf 84' lang='lat' dir='ltr'>excessus</span> <span class='ocrx_word' id='word_1_483' title='bbox 1937 1270 2116 1300; x_wconf 76' lang='lat' dir='ltr'>excessibus</span> 
     </span>
     <span class='ocr_line' id='line_1_71' title="bbox 1109 1318 2116 1359; baseline 0.006 -12"><span class='ocrx_word' id='word_1_484' title='bbox 1109 1318 1322 1355; x_wconf 87' lang='lat' dir='ltr'>inculcantes,</span> <span class='ocrx_word' id='word_1_485' title='bbox 1347 1328 1380 1349; x_wconf 90' lang='lat' dir='ltr'>se</span> <span class='ocrx_word' id='word_1_486' title='bbox 1401 1320 1440 1349; x_wconf 89' lang='lat' dir='ltr'>ad</span> <span class='ocrx_word' id='word_1_487' title='bbox 1465 1321 1640 1359; x_wconf 88' lang='lat' dir='ltr'>predictam</span> <span class='ocrx_word' id='word_1_488' title='bbox 1667 1322 1872 1352; x_wconf 82' lang='lat' dir='ltr'>coutulerunt</span> <span class='ocrx_word' id='word_1_489' title='bbox 1897 1323 2064 1353; x_wconf 88' lang='lat' dir='ltr'>ecclesiam</span> <span class='ocrx_word' id='word_1_490' title='bbox 2087 1327 2116 1354; x_wconf 91' lang='lat' dir='ltr'>et</span> 
     </span>
     <span class='ocr_line' id='line_1_72' title="bbox 1111 1371 2114 1414; baseline 0.006 -14"><span class='ocrx_word' id='word_1_491' title='bbox 1111 1371 1179 1410; x_wconf 88' lang='lat' dir='ltr'>ejus</span> <span class='ocrx_word' id='word_1_492' title='bbox 1198 1372 1377 1409; x_wconf 84' lang='lat' dir='ltr'>canonicis,</span> <span class='ocrx_word' id='word_1_493' title='bbox 1397 1378 1471 1403; x_wconf 91' lang='grc'><strong>111110</strong></span> <span class='ocrx_word' id='word_1_494' title='bbox 1489 1374 1568 1404; x_wconf 85' lang='lat' dir='ltr'>hora</span> <span class='ocrx_word' id='word_1_495' title='bbox 1586 1374 1677 1404; x_wconf 87' lang='lat' dir='ltr'>solita</span> <span class='ocrx_word' id='word_1_496' title='bbox 1694 1375 1728 1404; x_wconf 91' lang='lat' dir='ltr'>in</span> <span class='ocrx_word' id='word_1_497' title='bbox 1745 1376 1882 1414; x_wconf 87' lang='lat' dir='ltr'>capitulo</span> <span class='ocrx_word' id='word_1_498' title='bbox 1898 1377 2114 1414; x_wconf 81' lang='lat' dir='ltr'>congregatis,</span> 
     </span>
     <span class='ocr_line' id='line_1_73' title="bbox 1111 1425 2116 1468; baseline 0.006 -15"><span class='ocrx_word' id='word_1_499' title='bbox 1111 1433 1146 1453; x_wconf 81' lang='lat' dir='ltr'>ex</span> <span class='ocrx_word' id='word_1_500' title='bbox 1169 1429 1256 1462; x_wconf 90' lang='lat' dir='ltr'>parte</span> <span class='ocrx_word' id='word_1_501' title='bbox 1281 1425 1387 1463; x_wconf 81' lang='lat' dir='ltr'>regia,</span> <span class='ocrx_word' id='word_1_502' title='bbox 1412 1427 1563 1464; x_wconf 83' lang='lat' dir='ltr'>gravibus</span> <span class='ocrx_word' id='word_1_503' title='bbox 1587 1431 1616 1457; x_wconf 88' lang='lat' dir='ltr'>et</span> <span class='ocrx_word' id='word_1_504' title='bbox 1638 1428 1892 1458; x_wconf 84' lang='lat' dir='ltr'>comminatoriis</span> <span class='ocrx_word' id='word_1_505' title='bbox 1919 1429 2022 1459; x_wconf 90' lang='lat' dir='ltr'>verbis</span> <span class='ocrx_word' id='word_1_506' title='bbox 2045 1438 2116 1468; x_wconf 76' lang='lat' dir='ltr'>pre-</span> 
     </span>
     <span class='ocr_line' id='line_1_74' title="bbox 1112 1478 2116 1519; baseline 0.006 -12"><span class='ocrx_word' id='word_1_507' title='bbox 1112 1478 1237 1515; x_wconf 87' lang='lat' dir='ltr'>missis,</span> <span class='ocrx_word' id='word_1_508' title='bbox 1258 1479 1358 1509; x_wconf 86' lang='lat' dir='ltr'>artius</span> <span class='ocrx_word' id='word_1_509' title='bbox 1381 1480 1592 1519; x_wconf 84' lang='lat' dir='ltr'>injunxerunt</span> <span class='ocrx_word' id='word_1_510' title='bbox 1622 1485 1656 1510; x_wconf 89' lang='lat' dir='ltr'>ut</span> <span class='ocrx_word' id='word_1_511' title='bbox 1684 1481 1769 1511; x_wconf 81' lang='lat' dir='ltr'>infra</span> <span class='ocrx_word' id='word_1_512' title='bbox 1795 1482 1881 1512; x_wconf 85' lang='lat' dir='ltr'>diem</span> <span class='ocrx_word' id='word_1_513' title='bbox 1904 1483 2015 1512; x_wconf 89' lang='lat' dir='ltr'>martis</span> <span class='ocrx_word' id='word_1_514' title='bbox 2042 1487 2116 1513; x_wconf 88' lang='lat' dir='ltr'>tnnc</span> 
     </span>
     <span class='ocr_line' id='line_1_75' title="bbox 1113 1532 2118 1572; baseline 0.006 -12"><span class='ocrx_word' id='word_1_515' title='bbox 1113 1532 1256 1569; x_wconf 82' lang='lat' dir='ltr'>proximo</span> <span class='ocrx_word' id='word_1_516' title='bbox 1279 1537 1459 1563; x_wconf 84' lang='lat' dir='ltr'>secuturam</span> <span class='ocrx_word' id='word_1_517' title='bbox 1475 1534 1596 1564; x_wconf 79' lang='lat' dir='ltr'>fructus</span> <span class='ocrx_word' id='word_1_518' title='bbox 1617 1535 1851 1572; x_wconf 88' lang='lat' dir='ltr'>prebendarum</span> <span class='ocrx_word' id='word_1_519' title='bbox 1868 1545 2002 1566; x_wconf 85' lang='lat' dir='ltr'>suarum</span> <span class='ocrx_word' id='word_1_520' title='bbox 2018 1537 2052 1566; x_wconf 91' lang='lat' dir='ltr'>in</span> <span class='ocrx_word' id='word_1_521' title='bbox 2069 1545 2118 1567; x_wconf 90' lang='lat' dir='ltr'>eo-</span> 
     </span>
     <span class='ocr_line' id='line_1_76' title="bbox 1113 1586 2119 1626; baseline 0.006 -13"><span class='ocrx_word' id='word_1_522' title='bbox 1113 1592 1185 1614; x_wconf 88' lang='lat' dir='ltr'>rum</span> <span class='ocrx_word' id='word_1_523' title='bbox 1201 1586 1344 1623; x_wconf 85' lang='lat' dir='ltr'>grangiis</span> <span class='ocrx_word' id='word_1_524' title='bbox 1360 1586 1570 1616; x_wconf 76' lang='lat' dir='ltr'>consistentes</span> <span class='ocrx_word' id='word_1_525' title='bbox 1591 1587 1629 1616; x_wconf 86' lang='lat' dir='ltr'>de</span> <span class='ocrx_word' id='word_1_526' title='bbox 1647 1587 1712 1616; x_wconf 91' lang='lat' dir='ltr'>illis</span> <span class='ocrx_word' id='word_1_527' title='bbox 1733 1589 1859 1626; x_wconf 88' lang='lat' dir='ltr'>penitus</span> <span class='ocrx_word' id='word_1_528' title='bbox 1881 1593 2066 1619; x_wconf 84' lang='lat' dir='ltr'>amoverent</span> <span class='ocrx_word' id='word_1_529' title='bbox 2088 1593 2119 1619; x_wconf 83' lang='lat' dir='ltr'>et</span> 
     </span>
     <span class='ocr_line' id='line_1_77' title="bbox 1114 1638 2119 1679; baseline 0.005 -12"><span class='ocrx_word' id='word_1_530' title='bbox 1114 1638 1216 1668; x_wconf 84' lang='lat' dir='ltr'>eicere</span> <span class='ocrx_word' id='word_1_531' title='bbox 1232 1647 1297 1668; x_wconf 91' lang='lat' dir='ltr'>non</span> <span class='ocrx_word' id='word_1_532' title='bbox 1318 1639 1504 1677; x_wconf 82' lang='lat' dir='ltr'>differrent3</span> <span class='ocrx_word' id='word_1_533' title='bbox 1531 1639 1675 1679; x_wconf 82' lang='lat' dir='ltr'>alioquin</span> <span class='ocrx_word' id='word_1_534' title='bbox 1700 1641 1731 1670; x_wconf 86' lang='lat' dir='ltr'>id</span> <span class='ocrx_word' id='word_1_535' title='bbox 1755 1642 1860 1679; x_wconf 82' lang='lat' dir='ltr'>ipsum</span> <span class='ocrx_word' id='word_1_536' title='bbox 1884 1642 1952 1671; x_wconf 86' lang='lat' dir='ltr'>fieri</span> <span class='ocrx_word' id='word_1_537' title='bbox 1979 1643 2119 1672; x_wconf 83' lang='lat' dir='ltr'>facerent</span> 
     </span>
     <span class='ocr_line' id='line_1_78' title="bbox 1114 1691 2119 1732; baseline 0.005 -12"><span class='ocrx_word' id='word_1_538' title='bbox 1114 1691 1341 1722; x_wconf 89' lang='lat' dir='ltr'>canonicorum</span> <span class='ocrx_word' id='word_1_539' title='bbox 1355 1692 1498 1731; x_wconf 86' lang='lat' dir='ltr'>ipsorum</span> <span class='ocrx_word' id='word_1_540' title='bbox 1513 1694 1693 1732; x_wconf 90' lang='lat' dir='ltr'>sumptibus</span> <span class='ocrx_word' id='word_1_541' title='bbox 1705 1694 1897 1732; x_wconf 81' lang='lat' dir='ltr'>recipiendis</span> <span class='ocrx_word' id='word_1_542' title='bbox 1913 1695 1951 1725; x_wconf 87' lang='lat' dir='ltr'>de</span> <span class='ocrx_word' id='word_1_543' title='bbox 1963 1695 2119 1725; x_wconf 85' lang='lat' dir='ltr'>fructibus</span> 
     </span>
     <span class='ocr_line' id='line_1_79' title="bbox 1113 1744 1286 1782; baseline 0.006 -9"><span class='ocrx_word' id='word_1_544' title='bbox 1113 1744 1286 1782; x_wconf 85' lang='lat' dir='ltr'>prelibatis.</span> 
     </span>
    </p>

    <p class='ocr_par' dir='ltr' id='par_1_8' title="bbox 1115 1798 2121 2052">
     <span class='ocr_line' id='line_1_80' title="bbox 1155 1798 2121 1840; baseline 0.005 -13"><span class='ocrx_word' id='word_1_545' title='bbox 1155 1798 1235 1828; x_wconf 72' lang='lat' dir='ltr'>item</span> <span class='ocrx_word' id='word_1_546' title='bbox 1250 1798 1354 1828; x_wconf 89' lang='lat' dir='ltr'>eidem</span> <span class='ocrx_word' id='word_1_547' title='bbox 1366 1799 1536 1829; x_wconf 83' lang='lat' dir='ltr'>inhibuere</span> <span class='ocrx_word' id='word_1_548' title='bbox 1552 1800 1690 1838; x_wconf 85' lang='lat' dir='ltr'>capitulo</span> <span class='ocrx_word' id='word_1_549' title='bbox 1705 1810 1744 1829; x_wconf 91' lang='lat' dir='ltr'>ue</span> <span class='ocrx_word' id='word_1_550' title='bbox 1759 1801 1820 1840; x_wconf 85' lang='lat' dir='ltr'>ipsi</span> <span class='ocrx_word' id='word_1_551' title='bbox 1833 1810 1947 1831; x_wconf 88' lang='lat' dir='ltr'>census</span> <span class='ocrx_word' id='word_1_552' title='bbox 1963 1806 2018 1831; x_wconf 89' lang='lat' dir='ltr'>aut</span> <span class='ocrx_word' id='word_1_553' title='bbox 2030 1810 2121 1840; x_wconf 89' lang='lat' dir='ltr'>quos-</span> 
     </span>
     <span class='ocr_line' id='line_1_81' title="bbox 1115 1852 2121 1893; baseline 0.004 -12"><span class='ocrx_word' id='word_1_554' title='bbox 1115 1860 1251 1891; x_wconf 88' lang='lat' dir='ltr'>cumque</span> <span class='ocrx_word' id='word_1_555' title='bbox 1276 1852 1420 1882; x_wconf 89' lang='lat' dir='ltr'>redditus</span> <span class='ocrx_word' id='word_1_556' title='bbox 1444 1852 1524 1882; x_wconf 88' lang='lat' dir='ltr'>alios</span> <span class='ocrx_word' id='word_1_557' title='bbox 1546 1857 1703 1883; x_wconf 79' lang='lat' dir='ltr'>terrarum</span> <span class='ocrx_word' id='word_1_558' title='bbox 1729 1863 1859 1883; x_wconf 87' lang='lat' dir='ltr'>suarum</span> <span class='ocrx_word' id='word_1_559' title='bbox 1878 1854 1927 1884; x_wconf 91' lang='lat' dir='ltr'>vel</span> <span class='ocrx_word' id='word_1_560' title='bbox 1949 1859 2121 1893; x_wconf 88' lang='lat' dir='ltr'>proventus</span> 
     </span>
     <span class='ocr_line' id='line_1_82' title="bbox 1115 1905 2121 1947; baseline 0.004 -12"><span class='ocrx_word' id='word_1_561' title='bbox 1115 1905 1271 1944; x_wconf 88' lang='lat' dir='ltr'>recipere,</span> <span class='ocrx_word' id='word_1_562' title='bbox 1289 1914 1370 1936; x_wconf 90' lang='lat' dir='ltr'>neve</span> <span class='ocrx_word' id='word_1_563' title='bbox 1394 1906 1433 1936; x_wconf 90' lang='lat' dir='ltr'>de</span> <span class='ocrx_word' id='word_1_564' title='bbox 1454 1906 1499 1935; x_wconf 89' lang='lat' dir='ltr'>eis</span> <span class='ocrx_word' id='word_1_565' title='bbox 1522 1916 1584 1945; x_wconf 89' lang='lat' dir='ltr'>que</span> <span class='ocrx_word' id='word_1_566' title='bbox 1609 1907 1647 1936; x_wconf 89' lang='lat' dir='ltr'>ad</span> <span class='ocrx_word' id='word_1_567' title='bbox 1671 1907 1775 1937; x_wconf 84' lang='lat' dir='ltr'>forum</span> <span class='ocrx_word' id='word_1_568' title='bbox 1799 1908 1941 1946; x_wconf 81' lang='lat' dir='ltr'>ipsorum</span> <span class='ocrx_word' id='word_1_569' title='bbox 1962 1909 2121 1947; x_wconf 86' lang='lat' dir='ltr'>pertinere</span> 
     </span>
     <span class='ocr_line' id='line_1_83' title="bbox 1115 1959 2118 2000; baseline 0.004 -12"><span class='ocrx_word' id='word_1_570' title='bbox 1115 1963 1292 1989; x_wconf 90' lang='lat' dir='ltr'>noscuntur</span> <span class='ocrx_word' id='word_1_571' title='bbox 1306 1959 1415 1998; x_wconf 89' lang='lat' dir='ltr'>aliqua</span> <span class='ocrx_word' id='word_1_572' title='bbox 1425 1960 1550 1997; x_wconf 75' lang='lat' dir='ltr'>placita,</span> <span class='ocrx_word' id='word_1_573' title='bbox 1566 1965 1598 1989; x_wconf 90' lang='lat' dir='ltr'>ut</span> <span class='ocrx_word' id='word_1_574' title='bbox 1612 1960 1712 1998; x_wconf 87' lang='lat' dir='ltr'>patrie</span> <span class='ocrx_word' id='word_1_575' title='bbox 1726 1961 1830 1991; x_wconf 85' lang='lat' dir='ltr'>verbis</span> <span class='ocrx_word' id='word_1_576' title='bbox 1847 1966 1984 1999; x_wconf 89' lang='lat' dir='ltr'>utamur,</span> <span class='ocrx_word' id='word_1_577' title='bbox 2001 1967 2118 2000; x_wconf 86' lang='lat' dir='ltr'>tenere,</span> 
     </span>
     <span class='ocr_line' id='line_1_84' title="bbox 1116 2012 1924 2052; baseline 0.002 -10"><span class='ocrx_word' id='word_1_578' title='bbox 1116 2012 1165 2042; x_wconf 90' lang='lat' dir='ltr'>vel</span> <span class='ocrx_word' id='word_1_579' title='bbox 1181 2021 1292 2042; x_wconf 87' lang='lat' dir='ltr'>causas</span> <span class='ocrx_word' id='word_1_580' title='bbox 1307 2012 1418 2042; x_wconf 87' lang='lat' dir='ltr'>audire</span> <span class='ocrx_word' id='word_1_581' title='bbox 1434 2013 1674 2051; x_wconf 85' lang='lat' dir='ltr'>quomodolibet</span> <span class='ocrx_word' id='word_1_582' title='bbox 1689 2018 1924 2052; x_wconf 86' lang='lat' dir='ltr'>attemptarent.</span> 
     </span>
    </p>

    <p class='ocr_par' dir='ltr' id='par_1_9' title="bbox 1116 2065 2123 2371">
     <span class='ocr_line' id='line_1_85' title="bbox 1157 2065 2122 2106; baseline 0.005 -12"><span class='ocrx_word' id='word_1_583' title='bbox 1157 2066 1238 2095; x_wconf 82' lang='lat' dir='ltr'>item</span> <span class='ocrx_word' id='word_1_584' title='bbox 1254 2065 1406 2095; x_wconf 85' lang='lat' dir='ltr'>officiales</span> <span class='ocrx_word' id='word_1_585' title='bbox 1422 2066 1546 2104; x_wconf 81' lang='lat' dir='ltr'>prefati,</span> <span class='ocrx_word' id='word_1_586' title='bbox 1565 2067 1794 2097; x_wconf 87' lang='lat' dir='ltr'>canonicorum</span> <span class='ocrx_word' id='word_1_587' title='bbox 1808 2068 1950 2106; x_wconf 86' lang='lat' dir='ltr'>ipsorum</span> <span class='ocrx_word' id='word_1_588' title='bbox 1966 2069 2076 2099; x_wconf 89' lang='lat' dir='ltr'>domos</span> <span class='ocrx_word' id='word_1_589' title='bbox 2087 2069 2122 2098; x_wconf 92' lang='lat' dir='ltr'>in</span> 
     </span>
     <span class='ocr_line' id='line_1_86' title="bbox 1116 2119 2120 2160; baseline 0.004 -12"><span class='ocrx_word' id='word_1_590' title='bbox 1116 2119 1231 2158; x_wconf 88' lang='lat' dir='ltr'>quibus</span> <span class='ocrx_word' id='word_1_591' title='bbox 1249 2123 1324 2149; x_wconf 90' lang='lat' dir='ltr'>tunc</span> <span class='ocrx_word' id='word_1_592' title='bbox 1344 2120 1492 2157; x_wconf 88' lang='lat' dir='ltr'>temporis</span> <span class='ocrx_word' id='word_1_593' title='bbox 1514 2120 1700 2150; x_wconf 83' lang='lat' dir='ltr'>habitabant</span> <span class='ocrx_word' id='word_1_594' title='bbox 1721 2122 1930 2159; x_wconf 85' lang='lat' dir='ltr'>personaliter</span> <span class='ocrx_word' id='word_1_595' title='bbox 1951 2122 2120 2160; x_wconf 87' lang='lat' dir='ltr'>adeuntes,</span> 
     </span>
     <span class='ocr_line' id='line_1_87' title="bbox 1116 2173 2120 2213; baseline 0.004 -11"><span class='ocrx_word' id='word_1_596' title='bbox 1116 2173 1193 2212; x_wconf 87' lang='lat' dir='ltr'>ipsis</span> <span class='ocrx_word' id='word_1_597' title='bbox 1210 2173 1245 2202; x_wconf 91' lang='lat' dir='ltr'>in</span> <span class='ocrx_word' id='word_1_598' title='bbox 1267 2174 1312 2203; x_wconf 91' lang='lat' dir='ltr'>eis</span> <span class='ocrx_word' id='word_1_599' title='bbox 1333 2178 1362 2203; x_wconf 89' lang='grc'>01</span> <span class='ocrx_word' id='word_1_600' title='bbox 1385 2174 1495 2203; x_wconf 89' lang='lat' dir='ltr'>eadem</span> <span class='ocrx_word' id='word_1_601' title='bbox 1512 2174 1644 2204; x_wconf 89' lang='lat' dir='ltr'>ecclesia</span> <span class='ocrx_word' id='word_1_602' title='bbox 1662 2175 1793 2213; x_wconf 83' lang='lat' dir='ltr'>ejusque</span> <span class='ocrx_word' id='word_1_603' title='bbox 1814 2175 1950 2206; x_wconf 86' lang='lat' dir='ltr'>claustro</span> <span class='ocrx_word' id='word_1_604' title='bbox 1970 2185 2005 2206; x_wconf 88' lang='lat' dir='ltr'>ac</span> <span class='ocrx_word' id='word_1_605' title='bbox 2024 2176 2120 2213; x_wconf 86' lang='lat' dir='ltr'>alibi,</span> 
     </span>
     <span class='ocr_line' id='line_1_88' title="bbox 1117 2226 2121 2268; baseline 0.005 -13"><span class='ocrx_word' id='word_1_606' title='bbox 1117 2226 1312 2265; x_wconf 84' lang='lat' dir='ltr'>ubicumque</span> <span class='ocrx_word' id='word_1_607' title='bbox 1334 2226 1405 2256; x_wconf 92' lang='lat' dir='ltr'>illos</span> <span class='ocrx_word' id='word_1_608' title='bbox 1426 2227 1574 2256; x_wconf 87' lang='lat' dir='ltr'>iuvenire</span> <span class='ocrx_word' id='word_1_609' title='bbox 1594 2232 1739 2265; x_wconf 79' lang='lat' dir='ltr'>poterant</span> <span class='ocrx_word' id='word_1_610' title='bbox 1752 2251 1759 2265; x_wconf 95' lang='lat'>,</span> <span class='ocrx_word' id='word_1_611' title='bbox 1778 2229 1988 2259; x_wconf 83' lang='lat' dir='ltr'>inhibitiones</span> <span class='ocrx_word' id='word_1_612' title='bbox 2005 2234 2034 2259; x_wconf 91' lang='lat' dir='ltr'>et</span> <span class='ocrx_word' id='word_1_613' title='bbox 2049 2239 2121 2268; x_wconf 90' lang='lat' dir='ltr'>pre-</span> 
     </span>
     <span class='ocr_line' id='line_1_89' title="bbox 1118 2279 2123 2319; baseline 0.005 -11"><span class='ocrx_word' id='word_1_614' title='bbox 1118 2284 1206 2318; x_wconf 89' lang='lat' dir='ltr'>cepta</span> <span class='ocrx_word' id='word_1_615' title='bbox 1223 2279 1355 2315; x_wconf 85' lang='lat' dir='ltr'>similia,</span> <span class='ocrx_word' id='word_1_616' title='bbox 1372 2279 1406 2308; x_wconf 92' lang='grc'>111</span> <span class='ocrx_word' id='word_1_617' title='bbox 1426 2288 1536 2309; x_wconf 88' lang='lat' dir='ltr'>eorum</span> <span class='ocrx_word' id='word_1_618' title='bbox 1553 2280 1760 2318; x_wconf 88' lang='lat' dir='ltr'>opprobrium</span> <span class='ocrx_word' id='word_1_619' title='bbox 1777 2286 1807 2310; x_wconf 91' lang='lat' dir='ltr'>et</span> <span class='ocrx_word' id='word_1_620' title='bbox 1822 2290 2006 2319; x_wconf 78' lang='lat' dir='ltr'>gravamen,</span> <span class='ocrx_word' id='word_1_621' title='bbox 2020 2283 2123 2313; x_wconf 77' lang='lat' dir='ltr'>facere</span> 
     </span>
     <span class='ocr_line' id='line_1_90' title="bbox 1119 2337 1392 2371; baseline 0.004 -10"><span class='ocrx_word' id='word_1_622' title='bbox 1119 2337 1392 2371; x_wconf 86' lang='lat' dir='ltr'>presumpserunt.</span> 
     </span>
    </p>

    <p class='ocr_par' dir='ltr' id='par_1_10' title="bbox 1119 2386 2128 2959">
     <span class='ocr_line' id='line_1_91' title="bbox 1158 2386 2124 2428; baseline 0.005 -13"><span class='ocrx_word' id='word_1_623' title='bbox 1158 2386 1240 2415; x_wconf 91' lang='lat' dir='ltr'>Item</span> <span class='ocrx_word' id='word_1_624' title='bbox 1256 2386 1409 2424; x_wconf 89' lang='lat' dir='ltr'>quosdam</span> <span class='ocrx_word' id='word_1_625' title='bbox 1426 2395 1539 2416; x_wconf 86' lang='lat' dir='ltr'>census</span> <span class='ocrx_word' id='word_1_626' title='bbox 1556 2390 1585 2416; x_wconf 90' lang='lat' dir='ltr'>et</span> <span class='ocrx_word' id='word_1_627' title='bbox 1601 2387 1743 2417; x_wconf 87' lang='lat' dir='ltr'>redditus</span> <span class='ocrx_word' id='word_1_628' title='bbox 1759 2388 1838 2418; x_wconf 90' lang='lat' dir='ltr'>alios</span> <span class='ocrx_word' id='word_1_629' title='bbox 1854 2390 1892 2419; x_wconf 89' lang='lat' dir='ltr'>de</span> <span class='ocrx_word' id='word_1_630' title='bbox 1908 2390 2010 2428; x_wconf 91' lang='lat' dir='ltr'>ipsius</span> <span class='ocrx_word' id='word_1_631' title='bbox 2028 2390 2124 2420; x_wconf 85' lang='lat' dir='ltr'>eccle-</span> 
     </span>
     <span class='ocr_line' id='line_1_92' title="bbox 1119 2438 2125 2477; baseline 0.006 -10"><span class='ocrx_word' id='word_1_632' title='bbox 1119 2438 1164 2467; x_wconf 91' lang='lat' dir='ltr'>sie</span> <span class='ocrx_word' id='word_1_633' title='bbox 1180 2443 1263 2467; x_wconf 89' lang='lat' dir='ltr'>terra</span> <span class='ocrx_word' id='word_1_634' title='bbox 1285 2442 1436 2477; x_wconf 86' lang='lat' dir='ltr'>receptos,</span> <span class='ocrx_word' id='word_1_635' title='bbox 1456 2439 1511 2477; x_wconf 83' lang='lat' dir='ltr'>qui</span> <span class='ocrx_word' id='word_1_636' title='bbox 1535 2441 1628 2469; x_wconf 86' lang='lat' dir='ltr'>certis</span> <span class='ocrx_word' id='word_1_637' title='bbox 1646 2440 1731 2470; x_wconf 89' lang='lat' dir='ltr'>horis</span> <span class='ocrx_word' id='word_1_638' title='bbox 1750 2443 1913 2472; x_wconf 85' lang='lat' dir='ltr'>canonicis</span> <span class='ocrx_word' id='word_1_639' title='bbox 1929 2443 2013 2472; x_wconf 89' lang='lat' dir='ltr'>inter</span> <span class='ocrx_word' id='word_1_640' title='bbox 2029 2451 2125 2473; x_wconf 86' lang='lat' dir='ltr'>cano-</span> 
     </span>
     <span class='ocr_line' id='line_1_93' title="bbox 1120 2491 2125 2533; baseline 0.005 -13"><span class='ocrx_word' id='word_1_641' title='bbox 1120 2492 1207 2521; x_wconf 90' lang='lat' dir='ltr'>nicos</span> <span class='ocrx_word' id='word_1_642' title='bbox 1222 2491 1459 2521; x_wconf 88' lang='lat' dir='ltr'>distribuuntur</span> <span class='ocrx_word' id='word_1_643' title='bbox 1477 2493 1615 2530; x_wconf 82' lang='lat' dir='ltr'>eosdem,</span> <span class='ocrx_word' id='word_1_644' title='bbox 1636 2494 1756 2533; x_wconf 83' lang='lat' dir='ltr'>quique</span> <span class='ocrx_word' id='word_1_645' title='bbox 1779 2499 1853 2524; x_wconf 86' lang='lat' dir='ltr'>tunc</span> <span class='ocrx_word' id='word_1_646' title='bbox 1873 2496 1906 2524; x_wconf 91' lang='lat' dir='ltr'>in</span> <span class='ocrx_word' id='word_1_647' title='bbox 1923 2518 1943 2525; x_wconf 89' lang='lat'>..</span> <span class='ocrx_word' id='word_1_648' title='bbox 1967 2496 2079 2526; x_wconf 82' lang='lat' dir='ltr'>decani</span> <span class='ocrx_word' id='word_1_649' title='bbox 2095 2500 2125 2526; x_wconf 89' lang='lat' dir='ltr'>et</span> 
     </span>
     <span class='ocr_line' id='line_1_94' title="bbox 1120 2545 2125 2585; baseline 0.005 -11"><span class='ocrx_word' id='word_1_650' title='bbox 1120 2545 1291 2584; x_wconf 80' lang='lat' dir='ltr'>cujusdam</span> <span class='ocrx_word' id='word_1_651' title='bbox 1302 2546 1448 2575; x_wconf 88' lang='lat' dir='ltr'>canonici</span> <span class='ocrx_word' id='word_1_652' title='bbox 1475 2546 1606 2576; x_wconf 85' lang='lat' dir='ltr'>ecclesie</span> <span class='ocrx_word' id='word_1_653' title='bbox 1621 2548 1739 2585; x_wconf 79' lang='lat' dir='ltr'>prefate</span> <span class='ocrx_word' id='word_1_654' title='bbox 1762 2548 1928 2585; x_wconf 86' lang='lat' dir='ltr'>domibus,</span> <span class='ocrx_word' id='word_1_655' title='bbox 1955 2550 1989 2578; x_wconf 89' lang='lat' dir='ltr'>in</span> <span class='ocrx_word' id='word_1_656' title='bbox 2014 2550 2125 2580; x_wconf 89' lang='lat' dir='ltr'>eodem</span> 
     </span>
     <span class='ocr_line' id='line_1_95' title="bbox 1121 2599 2128 2641; baseline 0.005 -14"><span class='ocrx_word' id='word_1_657' title='bbox 1121 2599 1258 2628; x_wconf 87' lang='lat' dir='ltr'>claustro</span> <span class='ocrx_word' id='word_1_658' title='bbox 1271 2600 1471 2636; x_wconf 79' lang='lat' dir='ltr'>constructis,</span> <span class='ocrx_word' id='word_1_659' title='bbox 1485 2600 1577 2637; x_wconf 88' lang='lat' dir='ltr'>positi</span> <span class='ocrx_word' id='word_1_660' title='bbox 1593 2600 1720 2630; x_wconf 84' lang='lat' dir='ltr'>fuerant</span> <span class='ocrx_word' id='word_1_661' title='bbox 1735 2602 1956 2638; x_wconf 85' lang='lat' dir='ltr'>conservandi,</span> <span class='ocrx_word' id='word_1_662' title='bbox 1972 2602 2046 2640; x_wconf 83' lang='lat' dir='ltr'>quia</span> <span class='ocrx_word' id='word_1_663' title='bbox 2059 2607 2128 2641; x_wconf 91' lang='lat' dir='ltr'>post</span> 
     </span>
     <span class='ocr_line' id='line_1_96' title="bbox 1121 2651 2126 2693; baseline 0.005 -13"><span class='ocrx_word' id='word_1_664' title='bbox 1121 2651 1329 2681; x_wconf 88' lang='lat' dir='ltr'>inhibitiones</span> <span class='ocrx_word' id='word_1_665' title='bbox 1350 2651 1535 2682; x_wconf 84' lang='lat' dir='ltr'>officialium</span> <span class='ocrx_word' id='word_1_666' title='bbox 1559 2653 1773 2691; x_wconf 88' lang='lat' dir='ltr'>predictorum</span> <span class='ocrx_word' id='word_1_667' title='bbox 1791 2654 1928 2693; x_wconf 89' lang='lat' dir='ltr'>capitulo</span> <span class='ocrx_word' id='word_1_668' title='bbox 1949 2655 2010 2693; x_wconf 89' lang='lat' dir='ltr'>ipsi</span> <span class='ocrx_word' id='word_1_669' title='bbox 2029 2656 2126 2686; x_wconf 82' lang='lat' dir='ltr'>factas</span> 
     </span>
     <span class='ocr_line' id='line_1_97' title="bbox 1122 2704 2127 2744; baseline 0.005 -11"><span class='ocrx_word' id='word_1_670' title='bbox 1122 2704 1244 2734; x_wconf 80' lang='lat' dir='ltr'>collecti</span> <span class='ocrx_word' id='word_1_671' title='bbox 1256 2704 1381 2734; x_wconf 82' lang='lat' dir='ltr'>fuerant</span> <span class='ocrx_word' id='word_1_672' title='bbox 1391 2709 1420 2734; x_wconf 91' lang='lat' dir='ltr'>et</span> <span class='ocrx_word' id='word_1_673' title='bbox 1430 2705 1559 2743; x_wconf 86' lang='lat' dir='ltr'>recepti,</span> <span class='ocrx_word' id='word_1_674' title='bbox 1568 2705 1718 2735; x_wconf 87' lang='lat' dir='ltr'>officiales</span> <span class='ocrx_word' id='word_1_675' title='bbox 1727 2706 1798 2744; x_wconf 90' lang='lat' dir='ltr'>ipsi,</span> <span class='ocrx_word' id='word_1_676' title='bbox 1811 2708 2127 2738; x_wconf 77' lang='lat' dir='ltr'>temerariisauxibus</span> 
     </span>
     <span class='ocr_line' id='line_1_98' title="bbox 1123 2758 2126 2797; baseline 0.004 -10"><span class='ocrx_word' id='word_1_677' title='bbox 1123 2766 1187 2788; x_wconf 92' lang='lat' dir='ltr'>non</span> <span class='ocrx_word' id='word_1_678' title='bbox 1202 2762 1377 2797; x_wconf 87' lang='lat' dir='ltr'>parcentes,</span> <span class='ocrx_word' id='word_1_679' title='bbox 1393 2758 1431 2788; x_wconf 87' lang='lat' dir='ltr'>de</span> <span class='ocrx_word' id='word_1_680' title='bbox 1446 2759 1538 2788; x_wconf 89' lang='lat' dir='ltr'>dictis</span> <span class='ocrx_word' id='word_1_681' title='bbox 1553 2759 1710 2796; x_wconf 81' lang='lat' dir='ltr'>domibus,</span> <span class='ocrx_word' id='word_1_682' title='bbox 1726 2759 1848 2789; x_wconf 86' lang='lat' dir='ltr'>clericis</span> <span class='ocrx_word' id='word_1_683' title='bbox 1862 2761 1975 2790; x_wconf 85' lang='lat' dir='ltr'>decani</span> <span class='ocrx_word' id='word_1_684' title='bbox 1988 2765 2018 2791; x_wconf 90' lang='lat' dir='ltr'>et</span> <span class='ocrx_word' id='word_1_685' title='bbox 2032 2770 2126 2792; x_wconf 88' lang='lat' dir='ltr'>cano-</span> 
     </span>
     <span class='ocr_line' id='line_1_99' title="bbox 1124 2811 2128 2850; baseline 0.005 -10"><span class='ocrx_word' id='word_1_686' title='bbox 1124 2811 1189 2841; x_wconf 90' lang='lat' dir='ltr'>nici</span> <span class='ocrx_word' id='word_1_687' title='bbox 1205 2811 1418 2850; x_wconf 85' lang='lat' dir='ltr'>predictorum</span> <span class='ocrx_word' id='word_1_688' title='bbox 1434 2811 1473 2840; x_wconf 86' lang='lat' dir='ltr'>ad</span> <span class='ocrx_word' id='word_1_689' title='bbox 1485 2813 1670 2841; x_wconf 88' lang='lat' dir='ltr'>eorumdem</span> <span class='ocrx_word' id='word_1_690' title='bbox 1687 2822 1800 2842; x_wconf 89' lang='lat' dir='ltr'>census</span> <span class='ocrx_word' id='word_1_691' title='bbox 1817 2818 1846 2843; x_wconf 93' lang='lat' dir='ltr'>et</span> <span class='ocrx_word' id='word_1_692' title='bbox 1863 2814 2045 2845; x_wconf 89' lang='lat' dir='ltr'>reddituum</span> <span class='ocrx_word' id='word_1_693' title='bbox 2056 2824 2128 2845; x_wconf 90' lang='lat' dir='ltr'>cns-</span> 
     </span>
     <span class='ocr_line' id='line_1_100' title="bbox 1125 2865 2128 2906; baseline 0.003 -11"><span class='ocrx_word' id='word_1_694' title='bbox 1125 2865 1242 2895; x_wconf 86' lang='lat' dir='ltr'>todiam</span> <span class='ocrx_word' id='word_1_695' title='bbox 1261 2865 1419 2902; x_wconf 88' lang='lat' dir='ltr'>deputatis</span> <span class='ocrx_word' id='word_1_696' title='bbox 1436 2865 1544 2894; x_wconf 90' lang='lat' dir='ltr'>invitis</span> <span class='ocrx_word' id='word_1_697' title='bbox 1564 2870 1593 2895; x_wconf 89' lang='lat' dir='ltr'>et</span> <span class='ocrx_word' id='word_1_698' title='bbox 1614 2866 1844 2904; x_wconf 84' lang='lat' dir='ltr'>renitentibus,</span> <span class='ocrx_word' id='word_1_699' title='bbox 1866 2878 1920 2906; x_wconf 86' lang='lat' dir='ltr'>per</span> <span class='ocrx_word' id='word_1_700' title='bbox 1942 2867 2128 2898; x_wconf 90' lang='lat' dir='ltr'>violentiam</span> 
     </span>
     <span class='ocr_line' id='line_1_101' title="bbox 1124 2918 2053 2959; baseline 0.003 -11"><span class='ocrx_word' id='word_1_701' title='bbox 1124 2918 1334 2954; x_wconf 80' lang='lat' dir='ltr'>abstulerunt,</span> <span class='ocrx_word' id='word_1_702' title='bbox 1355 2926 1407 2948; x_wconf 91' lang='lat' dir='ltr'>eos</span> <span class='ocrx_word' id='word_1_703' title='bbox 1426 2927 1533 2947; x_wconf 88' lang='lat' dir='ltr'>secum</span> <span class='ocrx_word' id='word_1_704' title='bbox 1551 2919 1664 2948; x_wconf 79' lang='lat' dir='ltr'>exinde</span> <span class='ocrx_word' id='word_1_705' title='bbox 1683 2920 1831 2957; x_wconf 87' lang='lat' dir='ltr'>nequiter</span> <span class='ocrx_word' id='word_1_706' title='bbox 1845 2925 2053 2959; x_wconf 86' lang='lat' dir='ltr'>asportantes.</span> 
     </span>
    </p>

    <p class='ocr_par' dir='ltr' id='par_1_11' title="bbox 1125 2971 2130 3065">
     <span class='ocr_line' id='line_1_102' title="bbox 1164 2971 2127 3013; baseline 0.004 -13"><span class='ocrx_word' id='word_1_707' title='bbox 1164 2972 1246 3001; x_wconf 90' lang='lat' dir='ltr'>Item</span> <span class='ocrx_word' id='word_1_708' title='bbox 1261 2971 1374 3009; x_wconf 81' lang='lat' dir='ltr'>prefati</span> <span class='ocrx_word' id='word_1_709' title='bbox 1390 2971 1541 3001; x_wconf 85' lang='lat' dir='ltr'>officiales</span> <span class='ocrx_word' id='word_1_710' title='bbox 1554 2972 1731 3010; x_wconf 87' lang='lat' dir='ltr'>capitulum</span> <span class='ocrx_word' id='word_1_711' title='bbox 1744 2973 1849 3012; x_wconf 88' lang='lat' dir='ltr'>ipsum</span> <span class='ocrx_word' id='word_1_712' title='bbox 1865 2974 1961 3004; x_wconf 89' lang='lat' dir='ltr'>simul</span> <span class='ocrx_word' id='word_1_713' title='bbox 1978 2979 2007 3003; x_wconf 90' lang='lat' dir='ltr'>et</span> <span class='ocrx_word' id='word_1_714' title='bbox 2019 2983 2127 3013; x_wconf 88' lang='lat' dir='ltr'>quam-</span> 
     </span>
     <span class='ocr_line' id='line_1_103' title="bbox 1125 3024 2130 3065; baseline 0.003 -11"><span class='ocrx_word' id='word_1_715' title='bbox 1125 3024 1232 3064; x_wconf 90' lang='lat' dir='ltr'>plures</span> <span class='ocrx_word' id='word_1_716' title='bbox 1249 3033 1284 3054; x_wconf 85' lang='lat' dir='ltr'>ex</span> <span class='ocrx_word' id='word_1_717' title='bbox 1302 3033 1339 3054; x_wconf 93' lang='lat' dir='ltr'>eo</span> <span class='ocrx_word' id='word_1_718' title='bbox 1356 3024 1564 3062; x_wconf 85' lang='lat' dir='ltr'>singulariter</span> <span class='ocrx_word' id='word_1_719' title='bbox 1578 3025 1611 3054; x_wconf 92' lang='lat' dir='ltr'>in</span> <span class='ocrx_word' id='word_1_720' title='bbox 1628 3025 1775 3055; x_wconf 87' lang='lat' dir='ltr'>domibus</span> <span class='ocrx_word' id='word_1_721' title='bbox 1787 3027 1934 3065; x_wconf 83' lang='lat' dir='ltr'>propriis,</span> <span class='ocrx_word' id='word_1_722' title='bbox 1953 3028 1985 3056; x_wconf 88' lang='lat' dir='ltr'>in</span> <span class='ocrx_word' id='word_1_723' title='bbox 1998 3028 2130 3058; x_wconf 87' lang='lat' dir='ltr'>ecclesia</span> 
     </span>
    </p>
   </div>
  </div>
 </body>
</html>
