<?xml version="1.0" encoding="UTF-8"?>
<!DOCTYPE html PUBLIC "-//W3C//DTD XHTML 1.0 Transitional//EN"
    "http://www.w3.org/TR/xhtml1/DTD/xhtml1-transitional.dtd">
<html xmlns="http://www.w3.org/1999/xhtml" xml:lang="en" lang="en">
 <head>
  <title>
</title>
<meta http-equiv="Content-Type" content="text/html;charset=utf-8" />
  <meta name='ocr-system' content='tesseract 3.04.00' />
  <meta name='ocr-capabilities' content='ocr_page ocr_carea ocr_par ocr_line ocrx_word'/>
</head>
<body>
  <div class='ocr_page' id='page_1' title='image "./lesregistresdeni01romeuoft_0588.png"; bbox 0 0 2477 3637; ppageno 0'>
   <div class='ocr_carea' id='block_1_1' title="bbox 282 382 1628 416">
    <p class='ocr_par' dir='ltr' id='par_1_1' title="bbox 282 382 1628 416">
     <span class='ocr_line' id='line_1_1' title="bbox 282 382 1628 416; baseline -0.003 0"><span class='ocrx_word' id='word_1_1' title='bbox 282 388 338 416; x_wconf 65' lang='lat'>578</span> <span class='ocrx_word' id='word_1_2' title='bbox 1029 382 1264 414; x_wconf 63' lang='lat' dir='ltr'>REGISTRES</span> <span class='ocrx_word' id='word_1_3' title='bbox 1287 384 1340 413; x_wconf 79' lang='lat' dir='ltr'>DE</span> <span class='ocrx_word' id='word_1_4' title='bbox 1363 383 1547 414; x_wconf 79' lang='lat' dir='ltr'>NICOLAS</span> <span class='ocrx_word' id='word_1_5' title='bbox 1571 384 1628 413; x_wconf 92' lang='lat' dir='ltr'>IV.</span> 
     </span>
    </p>
   </div>
   <div class='ocr_carea' id='block_1_2' title="bbox 284 449 1284 539">
    <p class='ocr_par' dir='ltr' id='par_1_2' title="bbox 284 449 1284 539">
     <span class='ocr_line' id='line_1_2' title="bbox 284 449 1284 488; baseline -0.003 -7"><span class='ocrx_word' id='word_1_6' title='bbox 284 453 367 482; x_wconf 87' lang='lat' dir='ltr'>modi</span> <span class='ocrx_word' id='word_1_7' title='bbox 396 451 495 480; x_wconf 74' lang='lat' dir='ltr'>valeat</span> <span class='ocrx_word' id='word_1_8' title='bbox 519 451 694 488; x_wconf 78' lang='lat' dir='ltr'>provenire.</span> <span class='ocrx_word' id='word_1_9' title='bbox 721 449 991 486; x_wconf 62' lang='lat' dir='ltr'>Contradictoies,</span> <span class='ocrx_word' id='word_1_10' title='bbox 1017 454 1075 479; x_wconf 80' lang='lat' dir='ltr'>etc.</span> <span class='ocrx_word' id='word_1_11' title='bbox 1105 450 1174 478; x_wconf 87' lang='lat' dir='ltr'>Dat.</span> <span class='ocrx_word' id='word_1_12' title='bbox 1201 449 1284 488; x_wconf 88' lang='lat' dir='ltr'>apud</span> 
     </span>
     <span class='ocr_line' id='line_1_3' title="bbox 285 503 1136 539; baseline -0.004 -4"><span class='ocrx_word' id='word_1_13' title='bbox 285 507 558 539; x_wconf 68' lang='lat' dir='ltr'>[rhemveteremy</span> <span class='ocrx_word' id='word_1_14' title='bbox 579 503 672 533; x_wconf 85' lang='lat' dir='ltr'>nonis</span> <span class='ocrx_word' id='word_1_15' title='bbox 688 503 879 536; x_wconf 83' lang='lat' dir='ltr'>decembris,</span> <span class='ocrx_word' id='word_1_16' title='bbox 898 512 984 532; x_wconf 93' lang='lat' dir='ltr'>anno</span> <span class='ocrx_word' id='word_1_17' title='bbox 1003 504 1102 532; x_wconf 82' lang='lat' dir='ltr'>tertio.</span> <span class='ocrx_word' id='word_1_18' title='bbox 1122 515 1136 529; x_wconf 86' lang='lat'>»</span> 
     </span>
    </p>
   </div>
   <div class='ocr_carea' id='block_1_3' title="bbox 350 698 1210 732">
    <p class='ocr_par' dir='ltr' id='par_1_3' title="bbox 350 698 1210 732">
     <span class='ocr_line' id='line_1_4' title="bbox 350 698 1210 732; baseline -0.001 -5"><span class='ocrx_word' id='word_1_19' title='bbox 350 700 464 727; x_wconf 79' lang='grc'>3836</span> <span class='ocrx_word' id='word_1_20' title='bbox 767 698 893 732; x_wconf 69' lang='lat' dir='ltr'>Orvicto,</span> <span class='ocrx_word' id='word_1_21' title='bbox 916 700 945 725; x_wconf 68' lang='lat'>14</span> <span class='ocrx_word' id='word_1_22' title='bbox 962 700 1116 726; x_wconf 79' lang='lat' dir='ltr'>novembre</span> <span class='ocrx_word' id='word_1_23' title='bbox 1134 700 1210 726; x_wconf 62' lang='lat'>¹290.</span> 
     </span>
    </p>
   </div>
   <div class='ocr_carea' id='block_1_4' title="bbox 316 774 1283 809">
    <p class='ocr_par' dir='ltr' id='par_1_4' title="bbox 316 774 1283 809">
     <span class='ocr_line' id='line_1_5' title="bbox 316 774 1283 809; baseline 0.002 -9"><span class='ocrx_word' id='word_1_24' title='bbox 316 775 433 801; x_wconf 65' lang='lat' dir='ltr'>Mutatio</span> <span class='ocrx_word' id='word_1_25' title='bbox 447 774 570 809; x_wconf 80' lang='lat' dir='ltr'>plebium</span> <span class='ocrx_word' id='word_1_26' title='bbox 581 775 607 801; x_wconf 90' lang='lat' dir='ltr'>in</span> <span class='ocrx_word' id='word_1_27' title='bbox 621 774 733 800; x_wconf 81' lang='lat' dir='ltr'>Lucana</span> <span class='ocrx_word' id='word_1_28' title='bbox 744 774 880 801; x_wconf 85' lang='lat' dir='ltr'>dioecesi.</span> <span class='ocrx_word' id='word_1_29' title='bbox 891 774 974 808; x_wconf 73' lang='lat' dir='ltr'>(Rea.</span> <span class='ocrx_word' id='word_1_30' title='bbox 984 775 1026 808; x_wconf 78' lang='lat'>45,</span> <span class='ocrx_word' id='word_1_31' title='bbox 1035 783 1060 801; x_wconf 88' lang='lat' dir='ltr'>c.</span> <span class='ocrx_word' id='word_1_32' title='bbox 1070 775 1130 806; x_wconf 67' lang='lat'>593,</span> <span class='ocrx_word' id='word_1_33' title='bbox 1142 775 1160 802; x_wconf 80' lang='lat' dir='ltr'>f.</span> <span class='ocrx_word' id='word_1_34' title='bbox 1175 775 1222 803; x_wconf 89' lang='grc'>119</span> <span class='ocrx_word' id='word_1_35' title='bbox 1232 777 1283 808; x_wconf 86' lang='lat' dir='ltr'>v0.)</span> 
     </span>
    </p>
   </div>
   <div class='ocr_carea' id='block_1_5' title="bbox 276 903 1282 1312">
    <p class='ocr_par' dir='ltr' id='par_1_5' title="bbox 277 903 1282 1200">
     <span class='ocr_line' id='line_1_6' title="bbox 325 903 1282 941; baseline 0.003 -10"><span class='ocrx_word' id='word_1_36' title='bbox 325 904 489 931; x_wconf 70' lang='lat' dir='ltr'>Venerabili</span> <span class='ocrx_word' id='word_1_37' title='bbox 504 905 599 939; x_wconf 73' lang='lat' dir='ltr'>fratri</span> <span class='ocrx_word' id='word_1_38' title='bbox 615 903 790 940; x_wconf 70' lang='lat' dir='ltr'>I&#39;oqunello,</span> <span class='ocrx_word' id='word_1_39' title='bbox 807 904 939 941; x_wconf 79' lang='lat' dir='ltr'>episcopo</span> <span class='ocrx_word' id='word_1_40' title='bbox 950 904 1078 939; x_wconf 81' lang='lat' dir='ltr'>Lucano,</span> <span class='ocrx_word' id='word_1_41' title='bbox 1093 903 1224 933; x_wconf 89' lang='lat' dir='ltr'>mandat</span> <span class='ocrx_word' id='word_1_42' title='bbox 1237 908 1282 941; x_wconf 86' lang='lat' dir='ltr'>nt,</span> 
     </span>
     <span class='ocr_line' id='line_1_7' title="bbox 279 955 1281 995; baseline 0.001 -11"><span class='ocrx_word' id='word_1_43' title='bbox 279 964 350 985; x_wconf 71' lang='lat' dir='ltr'>vum</span> <span class='ocrx_word' id='word_1_44' title='bbox 368 955 522 990; x_wconf 69' lang='lat' dir='ltr'>[⁷lialdus,</span> <span class='ocrx_word' id='word_1_45' title='bbox 540 956 578 985; x_wconf 87' lang='lat' dir='ltr'>de</span> <span class='ocrx_word' id='word_1_46' title='bbox 595 956 732 991; x_wconf 86' lang='lat' dir='ltr'>Lamari‚</span> <span class='ocrx_word' id='word_1_47' title='bbox 749 958 779 985; x_wconf 88' lang='lat' dir='ltr'>et</span> <span class='ocrx_word' id='word_1_48' title='bbox 794 955 909 989; x_wconf 84' lang='lat' dir='ltr'>Guido,</span> <span class='ocrx_word' id='word_1_49' title='bbox 927 955 964 985; x_wconf 92' lang='lat' dir='ltr'>de</span> <span class='ocrx_word' id='word_1_50' title='bbox 979 956 1200 994; x_wconf 84' lang='lat' dir='ltr'>Mostesigradi</span> <span class='ocrx_word' id='word_1_51' title='bbox 1214 956 1281 995; x_wconf 90' lang='lat' dir='ltr'>ple-</span> 
     </span>
     <span class='ocr_line' id='line_1_8' title="bbox 278 1011 1282 1050; baseline 0.002 -10"><span class='ocrx_word' id='word_1_52' title='bbox 278 1011 364 1041; x_wconf 87' lang='lat' dir='ltr'>bium</span> <span class='ocrx_word' id='word_1_53' title='bbox 382 1011 524 1050; x_wconf 79' lang='lat' dir='ltr'>plebani,</span> <span class='ocrx_word' id='word_1_54' title='bbox 544 1011 690 1041; x_wconf 77' lang='lat' dir='ltr'>Lucanae</span> <span class='ocrx_word' id='word_1_55' title='bbox 707 1011 877 1048; x_wconf 87' lang='lat' dir='ltr'>dioecesis,</span> <span class='ocrx_word' id='word_1_56' title='bbox 897 1011 996 1041; x_wconf 89' lang='lat' dir='ltr'>dictas</span> <span class='ocrx_word' id='word_1_57' title='bbox 1012 1011 1120 1050; x_wconf 89' lang='lat' dir='ltr'>plebes</span> <span class='ocrx_word' id='word_1_58' title='bbox 1142 1012 1227 1042; x_wconf 88' lang='lat' dir='ltr'>inter</span> <span class='ocrx_word' id='word_1_59' title='bbox 1249 1022 1282 1043; x_wconf 86' lang='lat' dir='ltr'>se</span> 
     </span>
     <span class='ocr_line' id='line_1_9' title="bbox 278 1064 1282 1105; baseline 0.002 -12"><span class='ocrx_word' id='word_1_60' title='bbox 278 1069 457 1102; x_wconf 76' lang='lat' dir='ltr'>permutare</span> <span class='ocrx_word' id='word_1_61' title='bbox 473 1064 618 1102; x_wconf 84' lang='lat' dir='ltr'>cupiant,</span> <span class='ocrx_word' id='word_1_62' title='bbox 635 1065 819 1094; x_wconf 86' lang='lat' dir='ltr'>earumdem</span> <span class='ocrx_word' id='word_1_63' title='bbox 836 1065 1051 1103; x_wconf 77' lang='lat' dir='ltr'>resignatione</span> <span class='ocrx_word' id='word_1_64' title='bbox 1066 1070 1202 1104; x_wconf 87' lang='lat' dir='ltr'>recepta,</span> <span class='ocrx_word' id='word_1_65' title='bbox 1217 1065 1282 1105; x_wconf 90' lang='lat' dir='ltr'>ple-</span> 
     </span>
     <span class='ocr_line' id='line_1_10' title="bbox 277 1117 1281 1157; baseline 0.002 -11"><span class='ocrx_word' id='word_1_66' title='bbox 277 1117 347 1146; x_wconf 87' lang='lat' dir='ltr'>bem</span> <span class='ocrx_word' id='word_1_67' title='bbox 365 1117 402 1147; x_wconf 84' lang='lat' dir='ltr'>de</span> <span class='ocrx_word' id='word_1_68' title='bbox 423 1118 547 1147; x_wconf 84' lang='lat' dir='ltr'>Lamari</span> <span class='ocrx_word' id='word_1_69' title='bbox 569 1118 725 1155; x_wconf 86' lang='lat' dir='ltr'>Gnidoni,</span> <span class='ocrx_word' id='word_1_70' title='bbox 749 1117 872 1156; x_wconf 83' lang='lat' dir='ltr'>plebem</span> <span class='ocrx_word' id='word_1_71' title='bbox 902 1127 976 1148; x_wconf 86' lang='lat' dir='ltr'>vero</span> <span class='ocrx_word' id='word_1_72' title='bbox 995 1118 1034 1148; x_wconf 88' lang='lat' dir='ltr'>de</span> <span class='ocrx_word' id='word_1_73' title='bbox 1057 1119 1281 1157; x_wconf 84' lang='lat' dir='ltr'>Mostesigradi</span> 
     </span>
     <span class='ocr_line' id='line_1_11' title="bbox 280 1169 567 1200; baseline -0.003 0"><span class='ocrx_word' id='word_1_74' title='bbox 280 1169 402 1200; x_wconf 84' lang='lat' dir='ltr'>Ubaldo</span> <span class='ocrx_word' id='word_1_75' title='bbox 417 1170 567 1200; x_wconf 83' lang='lat' dir='ltr'>conserat.</span> 
     </span>
    </p>

    <p class='ocr_par' dir='ltr' id='par_1_6' title="bbox 276 1223 1279 1312">
     <span class='ocr_line' id='line_1_12' title="bbox 318 1223 1279 1263; baseline 0.003 -11"><span class='ocrx_word' id='word_1_76' title='bbox 318 1235 332 1249; x_wconf 74' lang='lat' dir='ltr'>&lt;x</span> <span class='ocrx_word' id='word_1_77' title='bbox 353 1223 395 1252; x_wconf 86' lang='lat' dir='ltr'>Ex</span> <span class='ocrx_word' id='word_1_78' title='bbox 414 1228 500 1262; x_wconf 89' lang='lat' dir='ltr'>parte</span> <span class='ocrx_word' id='word_1_79' title='bbox 516 1223 742 1253; x_wconf 87' lang='lat' dir='ltr'>dilectorum...</span> <span class='ocrx_word' id='word_1_80' title='bbox 760 1241 798 1245; x_wconf 90' lang='grc'><strong>-</strong></span> <span class='ocrx_word' id='word_1_81' title='bbox 815 1224 886 1253; x_wconf 92' lang='lat' dir='ltr'>Dat.</span> <span class='ocrx_word' id='word_1_82' title='bbox 903 1224 987 1263; x_wconf 90' lang='lat' dir='ltr'>apud</span> <span class='ocrx_word' id='word_1_83' title='bbox 1005 1225 1279 1263; x_wconf 84' lang='lat' dir='ltr'>Urhemveterem,</span> 
     </span>
     <span class='ocr_line' id='line_1_13' title="bbox 276 1276 987 1312; baseline 0.003 -7"><span class='ocrx_word' id='word_1_84' title='bbox 276 1285 351 1306; x_wconf 73' lang='lat' dir='ltr'>xvui</span> <span class='ocrx_word' id='word_1_85' title='bbox 369 1276 522 1306; x_wconf 81' lang='lat' dir='ltr'>kalendas</span> <span class='ocrx_word' id='word_1_86' title='bbox 537 1276 725 1312; x_wconf 83' lang='lat' dir='ltr'>decembris,</span> <span class='ocrx_word' id='word_1_87' title='bbox 745 1285 831 1307; x_wconf 88' lang='lat' dir='ltr'>anno</span> <span class='ocrx_word' id='word_1_88' title='bbox 849 1277 950 1308; x_wconf 84' lang='lat' dir='ltr'>tertio.</span> <span class='ocrx_word' id='word_1_89' title='bbox 974 1290 987 1304; x_wconf 71' lang='lat' dir='ltr'>n</span> 
     </span>
    </p>
   </div>
   <div class='ocr_carea' id='block_1_6' title="bbox 344 1474 458 1503">
    <p class='ocr_par' dir='ltr' id='par_1_7' title="bbox 344 1474 458 1503">
     <span class='ocr_line' id='line_1_14' title="bbox 344 1474 458 1503; baseline -0.009 0"><span class='ocrx_word' id='word_1_90' title='bbox 344 1474 458 1503; x_wconf 68' lang='lat'>3837</span> 
     </span>
    </p>
   </div>
   <div class='ocr_carea' id='block_1_7' title="bbox 761 1474 1207 1510">
    <p class='ocr_par' dir='ltr' id='par_1_8' title="bbox 761 1474 1207 1510">
     <span class='ocr_line' id='line_1_15' title="bbox 761 1474 1207 1510; baseline 0.004 -8"><span class='ocrx_word' id='word_1_91' title='bbox 761 1474 888 1510; x_wconf 88' lang='lat' dir='ltr'>Orvieto,</span> <span class='ocrx_word' id='word_1_92' title='bbox 905 1475 938 1502; x_wconf 75' lang='lat'>‘27</span> <span class='ocrx_word' id='word_1_93' title='bbox 956 1477 1111 1503; x_wconf 78' lang='lat' dir='ltr'>novembre</span> <span class='ocrx_word' id='word_1_94' title='bbox 1130 1477 1207 1505; x_wconf 69' lang='lat'><strong>1290.</strong></span> 
     </span>
    </p>
   </div>
   <div class='ocr_carea' id='block_1_8' title="bbox 273 1549 1279 1679">
    <p class='ocr_par' dir='ltr' id='par_1_9' title="bbox 273 1549 1279 1679">
     <span class='ocr_line' id='line_1_16' title="bbox 309 1549 1279 1588; baseline 0.006 -13"><span class='ocrx_word' id='word_1_95' title='bbox 309 1549 503 1585; x_wconf 83' lang='lat' dir='ltr'>Transcriptio</span> <span class='ocrx_word' id='word_1_96' title='bbox 513 1550 668 1576; x_wconf 90' lang='lat' dir='ltr'>litterarum</span> <span class='ocrx_word' id='word_1_97' title='bbox 679 1550 786 1585; x_wconf 88' lang='lat' dir='ltr'>quibus</span> <span class='ocrx_word' id='word_1_98' title='bbox 794 1550 942 1578; x_wconf 83' lang='lat' dir='ltr'>Johannes</span> <span class='ocrx_word' id='word_1_99' title='bbox 953 1559 1024 1586; x_wconf 86' lang='lat' dir='ltr'>papa</span> <span class='ocrx_word' id='word_1_100' title='bbox 1036 1551 1131 1579; x_wconf 70' lang='lat' dir='ltr'>XX1⁰⁵</span> <span class='ocrx_word' id='word_1_101' title='bbox 1139 1553 1279 1588; x_wconf 85' lang='lat' dir='ltr'>quaedam</span> 
     </span>
     <span class='ocr_line' id='line_1_17' title="bbox 274 1598 1279 1637; baseline 0.006 -13"><span class='ocrx_word' id='word_1_102' title='bbox 274 1598 411 1625; x_wconf 83' lang='lat' dir='ltr'>beneficia</span> <span class='ocrx_word' id='word_1_103' title='bbox 426 1599 554 1626; x_wconf 79' lang='lat' dir='ltr'>vacantia</span> <span class='ocrx_word' id='word_1_104' title='bbox 568 1599 741 1634; x_wconf 84' lang='lat' dir='ltr'>apostolicae</span> <span class='ocrx_word' id='word_1_105' title='bbox 762 1599 824 1626; x_wconf 88' lang='lat' dir='ltr'>sedi</span> <span class='ocrx_word' id='word_1_106' title='bbox 843 1604 981 1627; x_wconf 89' lang='lat' dir='ltr'>reservat.</span> <span class='ocrx_word' id='word_1_107' title='bbox 1002 1600 1084 1634; x_wconf 63' lang='lat' dir='ltr'>(lim.</span> <span class='ocrx_word' id='word_1_108' title='bbox 1104 1602 1151 1634; x_wconf 79' lang='lat'>45,</span> <span class='ocrx_word' id='word_1_109' title='bbox 1168 1610 1194 1629; x_wconf 86' lang='lat' dir='ltr'>c.</span> <span class='ocrx_word' id='word_1_110' title='bbox 1212 1603 1279 1637; x_wconf 78' lang='lat'>594,</span> 
     </span>
     <span class='ocr_line' id='line_1_18' title="bbox 273 1647 425 1679; baseline 0.007 -6"><span class='ocrx_word' id='word_1_111' title='bbox 273 1647 292 1673; x_wconf 84' lang='lat' dir='ltr'>f.</span> <span class='ocrx_word' id='word_1_112' title='bbox 311 1647 360 1674; x_wconf 85' lang='grc'>119</span> <span class='ocrx_word' id='word_1_113' title='bbox 377 1650 425 1679; x_wconf 71' lang='grc' dir='ltr'>νῦ.)</span> 
     </span>
    </p>
   </div>
   <div class='ocr_carea' id='block_1_9' title="bbox 272 1777 1280 3097">
    <p class='ocr_par' dir='ltr' id='par_1_10' title="bbox 315 1777 1277 1820">
     <span class='ocr_line' id='line_1_19' title="bbox 315 1777 1277 1820; baseline 0.007 -15"><span class='ocrx_word' id='word_1_114' title='bbox 315 1777 468 1806; x_wconf 76' lang='lat' dir='ltr'>Universis</span> <span class='ocrx_word' id='word_1_115' title='bbox 487 1778 601 1807; x_wconf 77' lang='lat' dir='ltr'>Christi</span> <span class='ocrx_word' id='word_1_116' title='bbox 618 1778 760 1815; x_wconf 80' lang='lat' dir='ltr'>fidelibus</span> <span class='ocrx_word' id='word_1_117' title='bbox 774 1785 926 1816; x_wconf 79' lang='lat' dir='ltr'>presentes</span> <span class='ocrx_word' id='word_1_118' title='bbox 949 1781 1063 1810; x_wconf 81' lang='lat' dir='ltr'>litteras</span> <span class='ocrx_word' id='word_1_119' title='bbox 1085 1782 1277 1820; x_wconf 73' lang='lat' dir='ltr'>inspecturis.</span> 
     </span>
    </p>

    <p class='ocr_par' dir='ltr' id='par_1_11' title="bbox 272 1830 1280 2990">
     <span class='ocr_line' id='line_1_20' title="bbox 315 1830 1278 1875; baseline 0.007 -16"><span class='ocrx_word' id='word_1_120' title='bbox 315 1842 328 1856; x_wconf 79' lang='grc' dir='ltr'>α</span> <span class='ocrx_word' id='word_1_121' title='bbox 347 1830 513 1860; x_wconf 83' lang='lat' dir='ltr'>Joliannes</span> <span class='ocrx_word' id='word_1_122' title='bbox 529 1832 693 1871; x_wconf 86' lang='lat' dir='ltr'>episcopus</span> <span class='ocrx_word' id='word_1_123' title='bbox 709 1841 819 1862; x_wconf 90' lang='lat' dir='ltr'>servus</span> <span class='ocrx_word' id='word_1_124' title='bbox 839 1842 1004 1864; x_wconf 85' lang='lat' dir='ltr'>servorum</span> <span class='ocrx_word' id='word_1_125' title='bbox 1016 1835 1088 1865; x_wconf 89' lang='lat' dir='ltr'>Dei.</span> <span class='ocrx_word' id='word_1_126' title='bbox 1103 1835 1152 1865; x_wconf 85' lang='lat' dir='ltr'>Ad</span> <span class='ocrx_word' id='word_1_127' title='bbox 1168 1845 1278 1875; x_wconf 87' lang='lat' dir='ltr'>perpe-</span> 
     </span>
     <span class='ocr_line' id='line_1_21' title="bbox 275 1884 1280 1928; baseline 0.008 -16"><span class='ocrx_word' id='word_1_128' title='bbox 275 1895 288 1909; x_wconf 63' lang='lat'>»</span> <span class='ocrx_word' id='word_1_129' title='bbox 315 1887 401 1913; x_wconf 89' lang='lat' dir='ltr'>tuam</span> <span class='ocrx_word' id='word_1_130' title='bbox 416 1884 462 1913; x_wconf 87' lang='lat' dir='ltr'>rei</span> <span class='ocrx_word' id='word_1_131' title='bbox 479 1885 682 1915; x_wconf 86' lang='lat' dir='ltr'>memoriam.</span> <span class='ocrx_word' id='word_1_132' title='bbox 700 1885 787 1915; x_wconf 87' lang='lat' dir='ltr'>Licet</span> <span class='ocrx_word' id='word_1_133' title='bbox 803 1886 905 1916; x_wconf 79' lang='lat' dir='ltr'>felicis</span> <span class='ocrx_word' id='word_1_134' title='bbox 919 1887 1147 1919; x_wconf 85' lang='lat' dir='ltr'>recordationis</span> <span class='ocrx_word' id='word_1_135' title='bbox 1162 1889 1280 1928; x_wconf 87' lang='lat' dir='ltr'>Grego-</span> 
     </span>
     <span class='ocr_line' id='line_1_22' title="bbox 276 1937 1280 1980; baseline 0.007 -14"><span class='ocrx_word' id='word_1_136' title='bbox 276 1948 289 1962; x_wconf 67' lang='grc' dir='ltr'>ν»</span> <span class='ocrx_word' id='word_1_137' title='bbox 313 1937 381 1966; x_wconf 89' lang='lat' dir='ltr'>rius</span> <span class='ocrx_word' id='word_1_138' title='bbox 405 1946 500 1976; x_wconf 87' lang='lat' dir='ltr'>papa,</span> <span class='ocrx_word' id='word_1_139' title='bbox 523 1938 725 1976; x_wconf 83' lang='lat' dir='ltr'>predecessor</span> <span class='ocrx_word' id='word_1_140' title='bbox 755 1944 901 1971; x_wconf 89' lang='lat' dir='ltr'>noster...</span> <span class='ocrx_word' id='word_1_141' title='bbox 923 1940 1096 1980; x_wconf 85' lang='lat' dir='ltr'>Cupientes</span> <span class='ocrx_word' id='word_1_142' title='bbox 1118 1946 1224 1972; x_wconf 87' lang='lat' dir='ltr'>tamen</span> <span class='ocrx_word' id='word_1_143' title='bbox 1245 1948 1280 1973; x_wconf 91' lang='lat' dir='ltr'>ut</span> 
     </span>
     <span class='ocr_line' id='line_1_23' title="bbox 276 1990 1276 2033; baseline 0.011 -17"><span class='ocrx_word' id='word_1_144' title='bbox 276 2002 289 2016; x_wconf 65' lang='grc' dir='ltr'>ι</span> <span class='ocrx_word' id='word_1_145' title='bbox 312 1990 590 2021; x_wconf 80' lang='lat' dir='ltr'>archidiaconatus</span> <span class='ocrx_word' id='word_1_146' title='bbox 616 1991 806 2029; x_wconf 82' lang='lat' dir='ltr'>Toletanus,</span> <span class='ocrx_word' id='word_1_147' title='bbox 835 1992 1007 2024; x_wconf 86' lang='lat' dir='ltr'>decanatus</span> <span class='ocrx_word' id='word_1_148' title='bbox 1036 1995 1276 2033; x_wconf 76' lang='lat' dir='ltr'>Tirasonensis‚</span> 
     </span>
     <span class='ocr_line' id='line_1_24' title="bbox 274 2042 1277 2084; baseline 0.009 -13"><span class='ocrx_word' id='word_1_149' title='bbox 274 2055 287 2069; x_wconf 69' lang='lat' dir='ltr'>n</span> <span class='ocrx_word' id='word_1_150' title='bbox 313 2042 443 2072; x_wconf 85' lang='lat' dir='ltr'>ecclesia</span> <span class='ocrx_word' id='word_1_151' title='bbox 461 2043 499 2073; x_wconf 89' lang='lat' dir='ltr'>de</span> <span class='ocrx_word' id='word_1_152' title='bbox 515 2043 664 2074; x_wconf 86' lang='lat' dir='ltr'>Rubiolis</span> <span class='ocrx_word' id='word_1_153' title='bbox 681 2044 958 2084; x_wconf 82' lang='lat' dir='ltr'>Cesaraugustana</span> <span class='ocrx_word' id='word_1_154' title='bbox 973 2052 1003 2077; x_wconf 91' lang='lat' dir='ltr'>et</span> <span class='ocrx_word' id='word_1_155' title='bbox 1024 2049 1159 2079; x_wconf 86' lang='lat' dir='ltr'>canonia</span> <span class='ocrx_word' id='word_1_156' title='bbox 1178 2050 1277 2081; x_wconf 87' lang='lat' dir='ltr'>eccle-</span> 
     </span>
     <span class='ocr_line' id='line_1_25' title="bbox 275 2091 1276 2142; baseline 0.009 -17"><span class='ocrx_word' id='word_1_157' title='bbox 275 2108 288 2121; x_wconf 71' lang='lat'><strong>»</strong></span> <span class='ocrx_word' id='word_1_158' title='bbox 313 2096 357 2126; x_wconf 88' lang='lat' dir='ltr'>sie</span> <span class='ocrx_word' id='word_1_159' title='bbox 373 2097 528 2127; x_wconf 75' lang='lat' dir='ltr'>&#39;l‘utelaue</span> <span class='ocrx_word' id='word_1_160' title='bbox 539 2120 547 2134; x_wconf 92' lang='lat'>,</span> <span class='ocrx_word' id='word_1_161' title='bbox 563 2098 786 2129; x_wconf 84' lang='lat' dir='ltr'>Tirasonensis</span> <span class='ocrx_word' id='word_1_162' title='bbox 801 2099 948 2136; x_wconf 83' lang='lat' dir='ltr'>diocesis,</span> <span class='ocrx_word' id='word_1_163' title='bbox 965 2091 1090 2132; x_wconf 78' lang='lat' dir='ltr'>deci&#39;ma</span> <span class='ocrx_word' id='word_1_164' title='bbox 1101 2103 1276 2142; x_wconf 89' lang='lat' dir='ltr'>judeorum</span> 
     </span>
     <span class='ocr_line' id='line_1_26' title="bbox 275 2150 1279 2191; baseline 0.01 -14"><span class='ocrx_word' id='word_1_165' title='bbox 275 2162 287 2175; x_wconf 78' lang='lat'>»</span> <span class='ocrx_word' id='word_1_166' title='bbox 313 2153 342 2178; x_wconf 91' lang='lat' dir='ltr'>et</span> <span class='ocrx_word' id='word_1_167' title='bbox 359 2150 472 2188; x_wconf 83' lang='lat' dir='ltr'>pedagi</span> <span class='ocrx_word' id='word_1_168' title='bbox 491 2150 748 2182; x_wconf 87' lang='lat' dir='ltr'>Calatarubensis</span> <span class='ocrx_word' id='word_1_169' title='bbox 760 2176 767 2188; x_wconf 90' lang='lat'>,</span> <span class='ocrx_word' id='word_1_170' title='bbox 787 2153 952 2191; x_wconf 83' lang='lat' dir='ltr'>pertinens</span> <span class='ocrx_word' id='word_1_171' title='bbox 970 2154 1009 2184; x_wconf 85' lang='lat' dir='ltr'>ad</span> <span class='ocrx_word' id='word_1_172' title='bbox 1026 2164 1172 2186; x_wconf 89' lang='lat' dir='ltr'>mensam</span> <span class='ocrx_word' id='word_1_173' title='bbox 1187 2157 1279 2187; x_wconf 87' lang='lat' dir='ltr'>Tira-</span> 
     </span>
     <span class='ocr_line' id='line_1_27' title="bbox 276 2203 1277 2249; baseline 0.01 -18"><span class='ocrx_word' id='word_1_174' title='bbox 276 2215 287 2227; x_wconf 66' lang='lat'>»</span> <span class='ocrx_word' id='word_1_175' title='bbox 313 2203 459 2232; x_wconf 90' lang='lat' dir='ltr'>sonensis</span> <span class='ocrx_word' id='word_1_176' title='bbox 476 2204 628 2243; x_wconf 83' lang='lat' dir='ltr'>episcopi,</span> <span class='ocrx_word' id='word_1_177' title='bbox 648 2205 738 2235; x_wconf 78' lang='lat' dir='ltr'>tertie</span> <span class='ocrx_word' id='word_1_178' title='bbox 756 2206 964 2245; x_wconf 84' lang='lat' dir='ltr'>pontificales,</span> <span class='ocrx_word' id='word_1_179' title='bbox 982 2208 1277 2249; x_wconf 79' lang='lat' dir='ltr'>archipresbytera—</span> 
     </span>
     <span class='ocr_line' id='line_1_28' title="bbox 276 2255 1278 2301; baseline 0.011 -18"><span class='ocrx_word' id='word_1_180' title='bbox 276 2268 287 2281; x_wconf 60' lang='grc' dir='ltr'>τ»-</span> <span class='ocrx_word' id='word_1_181' title='bbox 315 2260 362 2285; x_wconf 89' lang='lat' dir='ltr'>tus</span> <span class='ocrx_word' id='word_1_182' title='bbox 378 2255 416 2286; x_wconf 85' lang='lat' dir='ltr'>de</span> <span class='ocrx_word' id='word_1_183' title='bbox 435 2256 606 2294; x_wconf 80' lang='lat' dir='ltr'>Ylliescas,</span> <span class='ocrx_word' id='word_1_184' title='bbox 623 2257 661 2287; x_wconf 88' lang='lat' dir='ltr'>de</span> <span class='ocrx_word' id='word_1_185' title='bbox 678 2258 925 2298; x_wconf 78' lang='lat' dir='ltr'>Benquerenza,</span> <span class='ocrx_word' id='word_1_186' title='bbox 953 2261 991 2291; x_wconf 89' lang='lat' dir='ltr'>de</span> <span class='ocrx_word' id='word_1_187' title='bbox 1013 2262 1219 2301; x_wconf 88' lang='lat' dir='ltr'>Caravanna,</span> <span class='ocrx_word' id='word_1_188' title='bbox 1240 2265 1278 2294; x_wconf 89' lang='lat' dir='ltr'>de</span> 
     </span>
     <span class='ocr_line' id='line_1_29' title="bbox 274 2309 1277 2355; baseline 0.011 -18"><span class='ocrx_word' id='word_1_189' title='bbox 274 2321 287 2335; x_wconf 69' lang='lat' dir='ltr'><strong>n</strong></span> <span class='ocrx_word' id='word_1_190' title='bbox 312 2309 454 2345; x_wconf 82' lang='lat' dir='ltr'>Peraics,</span> <span class='ocrx_word' id='word_1_191' title='bbox 473 2310 512 2340; x_wconf 82' lang='lat' dir='ltr'>de</span> <span class='ocrx_word' id='word_1_192' title='bbox 530 2310 668 2341; x_wconf 88' lang='lat' dir='ltr'>Tielmes</span> <span class='ocrx_word' id='word_1_193' title='bbox 684 2316 714 2341; x_wconf 89' lang='lat' dir='ltr'>et</span> <span class='ocrx_word' id='word_1_194' title='bbox 733 2312 772 2342; x_wconf 89' lang='lat' dir='ltr'>de</span> <span class='ocrx_word' id='word_1_195' title='bbox 795 2312 940 2352; x_wconf 87' lang='lat' dir='ltr'>Embric,</span> <span class='ocrx_word' id='word_1_196' title='bbox 957 2315 1108 2346; x_wconf 89' lang='lat' dir='ltr'>Toletane</span> <span class='ocrx_word' id='word_1_197' title='bbox 1130 2317 1277 2355; x_wconf 86' lang='lat' dir='ltr'>diocesis,</span> 
     </span>
     <span class='ocr_line' id='line_1_30' title="bbox 274 2362 1279 2409; baseline 0.01 -18"><span class='ocrx_word' id='word_1_198' title='bbox 274 2375 286 2389; x_wconf 68' lang='lat' dir='ltr'>n</span> <span class='ocrx_word' id='word_1_199' title='bbox 313 2367 343 2392; x_wconf 89' lang='lat' dir='ltr'>et</span> <span class='ocrx_word' id='word_1_200' title='bbox 357 2362 420 2392; x_wconf 89' lang='lat' dir='ltr'>alia</span> <span class='ocrx_word' id='word_1_201' title='bbox 436 2363 590 2394; x_wconf 85' lang='lat' dir='ltr'>beneficia</span> <span class='ocrx_word' id='word_1_202' title='bbox 606 2364 830 2403; x_wconf 87' lang='lat' dir='ltr'>ecclesiastica,</span> <span class='ocrx_word' id='word_1_203' title='bbox 848 2376 910 2405; x_wconf 89' lang='lat' dir='ltr'>que</span> <span class='ocrx_word' id='word_1_204' title='bbox 927 2369 1089 2407; x_wconf 90' lang='lat' dir='ltr'>quondam</span> <span class='ocrx_word' id='word_1_205' title='bbox 1109 2370 1279 2409; x_wconf 83' lang='lat' dir='ltr'>Raymun-</span> 
     </span>
     <span class='ocr_line' id='line_1_31' title="bbox 273 2415 1277 2462; baseline 0.012 -19"><span class='ocrx_word' id='word_1_206' title='bbox 273 2427 286 2441; x_wconf 65' lang='lat' dir='ltr'>n</span> <span class='ocrx_word' id='word_1_207' title='bbox 310 2415 369 2444; x_wconf 90' lang='lat' dir='ltr'>dus</span> <span class='ocrx_word' id='word_1_208' title='bbox 386 2417 423 2445; x_wconf 87' lang='lat' dir='ltr'>de</span> <span class='ocrx_word' id='word_1_209' title='bbox 441 2416 576 2453; x_wconf 76' lang='lat' dir='ltr'>Pei-alta,</span> <span class='ocrx_word' id='word_1_210' title='bbox 595 2417 778 2456; x_wconf 81' lang='lat' dir='ltr'>capellanus</span> <span class='ocrx_word' id='word_1_211' title='bbox 793 2425 916 2456; x_wconf 89' lang='lat' dir='ltr'>noster,</span> <span class='ocrx_word' id='word_1_212' title='bbox 937 2421 993 2460; x_wconf 89' lang='lat' dir='ltr'>qni</span> <span class='ocrx_word' id='word_1_213' title='bbox 1010 2431 1112 2461; x_wconf 90' lang='lat' dir='ltr'>nuper</span> <span class='ocrx_word' id='word_1_214' title='bbox 1132 2424 1216 2462; x_wconf 90' lang='lat' dir='ltr'>apud</span> <span class='ocrx_word' id='word_1_215' title='bbox 1233 2434 1277 2454; x_wconf 87' lang='lat' dir='ltr'>se-</span> 
     </span>
     <span class='ocr_line' id='line_1_32' title="bbox 273 2468 1278 2517; baseline 0.012 -21"><span class='ocrx_word' id='word_1_216' title='bbox 273 2481 285 2494; x_wconf 74' lang='lat'>»</span> <span class='ocrx_word' id='word_1_217' title='bbox 310 2468 381 2498; x_wconf 81' lang='lat' dir='ltr'>deni</span> <span class='ocrx_word' id='word_1_218' title='bbox 397 2470 603 2508; x_wconf 84' lang='lat' dir='ltr'>apostolicam</span> <span class='ocrx_word' id='word_1_219' title='bbox 619 2471 705 2501; x_wconf 86' lang='lat' dir='ltr'>diem</span> <span class='ocrx_word' id='word_1_220' title='bbox 723 2472 835 2502; x_wconf 89' lang='lat' dir='ltr'>clausit</span> <span class='ocrx_word' id='word_1_221' title='bbox 851 2478 1029 2505; x_wconf 82' lang='lat' dir='ltr'>extremum</span> <span class='ocrx_word' id='word_1_222' title='bbox 1041 2499 1048 2513; x_wconf 89' lang='lat'>,</span> <span class='ocrx_word' id='word_1_223' title='bbox 1075 2480 1137 2506; x_wconf 88' lang='lat' dir='ltr'>tam</span> <span class='ocrx_word' id='word_1_224' title='bbox 1153 2477 1187 2506; x_wconf 91' lang='lat' dir='ltr'>in</span> <span class='ocrx_word' id='word_1_225' title='bbox 1206 2487 1278 2517; x_wconf 91' lang='lat' dir='ltr'>pre-</span> 
     </span>
     <span class='ocr_line' id='line_1_33' title="bbox 274 2521 1275 2570; baseline 0.012 -21"><span class='ocrx_word' id='word_1_226' title='bbox 274 2535 284 2545; x_wconf 77' lang='lat'>»</span> <span class='ocrx_word' id='word_1_227' title='bbox 311 2521 402 2551; x_wconf 82' lang='lat' dir='ltr'>dictis</span> <span class='ocrx_word' id='word_1_228' title='bbox 418 2531 513 2561; x_wconf 88' lang='lat' dir='ltr'>quam</span> <span class='ocrx_word' id='word_1_229' title='bbox 533 2523 567 2552; x_wconf 89' lang='lat' dir='ltr'>in</span> <span class='ocrx_word' id='word_1_230' title='bbox 586 2523 657 2553; x_wconf 86' lang='lat' dir='ltr'>aliis</span> <span class='ocrx_word' id='word_1_231' title='bbox 673 2525 932 2565; x_wconf 85' lang='lat' dir='ltr'>quibuscumque</span> <span class='ocrx_word' id='word_1_232' title='bbox 956 2528 1100 2559; x_wconf 87' lang='lat' dir='ltr'>ecclesiis</span> <span class='ocrx_word' id='word_1_233' title='bbox 1120 2531 1275 2570; x_wconf 78' lang='lat' dir='ltr'>obtinuit,</span> 
     </span>
     <span class='ocr_line' id='line_1_34' title="bbox 272 2576 1279 2624; baseline 0.013 -21"><span class='ocrx_word' id='word_1_234' title='bbox 272 2586 285 2601; x_wconf 74' lang='lat' dir='ltr'>r&gt;</span> <span class='ocrx_word' id='word_1_235' title='bbox 310 2584 365 2614; x_wconf 87' lang='lat' dir='ltr'>per</span> <span class='ocrx_word' id='word_1_236' title='bbox 381 2576 448 2613; x_wconf 89' lang='lat' dir='ltr'>ejus</span> <span class='ocrx_word' id='word_1_237' title='bbox 465 2576 585 2606; x_wconf 84' lang='lat' dir='ltr'>obitum</span> <span class='ocrx_word' id='word_1_238' title='bbox 601 2577 640 2607; x_wconf 89' lang='lat' dir='ltr'>ad</span> <span class='ocrx_word' id='word_1_239' title='bbox 658 2587 788 2617; x_wconf 86' lang='lat' dir='ltr'>presens</span> <span class='ocrx_word' id='word_1_240' title='bbox 804 2581 960 2618; x_wconf 84' lang='lat' dir='ltr'>vacantia,</span> <span class='ocrx_word' id='word_1_241' title='bbox 974 2581 1039 2612; x_wconf 89' lang='lat' dir='ltr'>illis</span> <span class='ocrx_word' id='word_1_242' title='bbox 1052 2585 1208 2622; x_wconf 85' lang='lat' dir='ltr'>personis,</span> <span class='ocrx_word' id='word_1_243' title='bbox 1223 2594 1279 2624; x_wconf 89' lang='lat' dir='ltr'>per</span> 
     </span>
     <span class='ocr_line' id='line_1_35' title="bbox 272 2628 1277 2675; baseline 0.013 -19"><span class='ocrx_word' id='word_1_244' title='bbox 272 2640 286 2654; x_wconf 69' lang='lat'>›»</span> <span class='ocrx_word' id='word_1_245' title='bbox 310 2628 478 2666; x_wconf 74' lang='lat' dir='ltr'>prudentie</span> <span class='ocrx_word' id='word_1_246' title='bbox 497 2634 603 2660; x_wconf 87' lang='lat' dir='ltr'>nostre</span> <span class='ocrx_word' id='word_1_247' title='bbox 620 2631 781 2670; x_wconf 89' lang='lat' dir='ltr'>studium,</span> <span class='ocrx_word' id='word_1_248' title='bbox 805 2633 870 2663; x_wconf 89' lang='lat' dir='ltr'>sive</span> <span class='ocrx_word' id='word_1_249' title='bbox 896 2633 982 2664; x_wconf 78' lang='lat' dir='ltr'>infra</span> <span class='ocrx_word' id='word_1_250' title='bbox 1002 2635 1069 2666; x_wconf 86' lang='lat' dir='ltr'>sive</span> <span class='ocrx_word' id='word_1_251' title='bbox 1092 2641 1161 2675; x_wconf 87' lang='lat' dir='ltr'>post</span> <span class='ocrx_word' id='word_1_252' title='bbox 1185 2647 1277 2668; x_wconf 89' lang='lat' dir='ltr'>men-</span> 
     </span>
     <span class='ocr_line' id='line_1_36' title="bbox 274 2681 1277 2727; baseline 0.014 -18"><span class='ocrx_word' id='word_1_253' title='bbox 274 2694 285 2703; x_wconf 62' lang='lat'>·⁴</span> <span class='ocrx_word' id='word_1_254' title='bbox 310 2690 388 2717; x_wconf 83' lang='lat' dir='ltr'>sem,</span> <span class='ocrx_word' id='word_1_255' title='bbox 405 2681 590 2720; x_wconf 89' lang='lat' dir='ltr'>hujusmodi</span> <span class='ocrx_word' id='word_1_256' title='bbox 606 2685 845 2716; x_wconf 80' lang='lat' dir='ltr'>committantur</span> <span class='ocrx_word' id='word_1_257' title='bbox 860 2696 916 2726; x_wconf 91' lang='lat' dir='ltr'>per</span> <span class='ocrx_word' id='word_1_258' title='bbox 937 2697 1015 2727; x_wconf 85' lang='lat' dir='ltr'>quas</span> <span class='ocrx_word' id='word_1_259' title='bbox 1040 2689 1158 2721; x_wconf 87' lang='lat' dir='ltr'>eisdem</span> <span class='ocrx_word' id='word_1_260' title='bbox 1176 2691 1277 2722; x_wconf 89' lang='lat' dir='ltr'>eccle-</span> 
     </span>
     <span class='ocr_line' id='line_1_37' title="bbox 272 2734 1277 2779; baseline 0.015 -18"><span class='ocrx_word' id='word_1_261' title='bbox 272 2745 284 2759; x_wconf 83' lang='lat'><strong>»</strong></span> <span class='ocrx_word' id='word_1_262' title='bbox 310 2734 364 2763; x_wconf 85' lang='lat' dir='ltr'>siis</span> <span class='ocrx_word' id='word_1_263' title='bbox 383 2734 484 2765; x_wconf 84' lang='lat' dir='ltr'>honor</span> <span class='ocrx_word' id='word_1_264' title='bbox 497 2740 528 2765; x_wconf 89' lang='lat' dir='ltr'>et</span> <span class='ocrx_word' id='word_1_265' title='bbox 542 2737 710 2767; x_wconf 84' lang='lat' dir='ltr'>comodum</span> <span class='ocrx_word' id='word_1_266' title='bbox 727 2738 854 2769; x_wconf 82' lang='lat' dir='ltr'>valeant</span> <span class='ocrx_word' id='word_1_267' title='bbox 870 2742 1054 2779; x_wconf 90' lang='lat' dir='ltr'>provenire,</span> <span class='ocrx_word' id='word_1_268' title='bbox 1078 2744 1277 2776; x_wconf 90' lang='lat' dir='ltr'>archidiaco-</span> 
     </span>
     <span class='ocr_line' id='line_1_38' title="bbox 273 2788 1275 2836; baseline 0.015 -22"><span class='ocrx_word' id='word_1_269' title='bbox 273 2798 284 2811; x_wconf 83' lang='lat' dir='ltr'>n</span> <span class='ocrx_word' id='word_1_270' title='bbox 310 2792 418 2816; x_wconf 84' lang='lat' dir='ltr'>natum</span> <span class='ocrx_word' id='word_1_271' title='bbox 435 2811 440 2823; x_wconf 84' lang='lat'>,</span> <span class='ocrx_word' id='word_1_272' title='bbox 459 2788 668 2827; x_wconf 79' lang='lat' dir='ltr'>decanatum,</span> <span class='ocrx_word' id='word_1_273' title='bbox 689 2791 873 2831; x_wconf 84' lang='lat' dir='ltr'>ecclesiam,</span> <span class='ocrx_word' id='word_1_274' title='bbox 894 2795 1081 2834; x_wconf 82' lang='lat' dir='ltr'>canoniam,</span> <span class='ocrx_word' id='word_1_275' title='bbox 1101 2797 1275 2836; x_wconf 86' lang='lat' dir='ltr'>decimam,</span> 
     </span>
     <span class='ocr_line' id='line_1_39' title="bbox 273 2840 1275 2890; baseline 0.015 -23"><span class='ocrx_word' id='word_1_276' title='bbox 273 2851 284 2863; x_wconf 73' lang='lat' dir='ltr'>n</span> <span class='ocrx_word' id='word_1_277' title='bbox 311 2840 417 2869; x_wconf 81' lang='lat' dir='ltr'>tertias</span> <span class='ocrx_word' id='word_1_278' title='bbox 436 2846 466 2870; x_wconf 84' lang='lat' dir='ltr'>et</span> <span class='ocrx_word' id='word_1_279' title='bbox 480 2841 631 2872; x_wconf 77' lang='lat' dir='ltr'>beneficia</span> <span class='ocrx_word' id='word_1_280' title='bbox 645 2844 823 2882; x_wconf 87' lang='lat' dir='ltr'>supradicta</span> <span class='ocrx_word' id='word_1_281' title='bbox 843 2855 878 2875; x_wconf 80' lang='lat' dir='ltr'>ex</span> <span class='ocrx_word' id='word_1_282' title='bbox 897 2856 983 2877; x_wconf 90' lang='lat' dir='ltr'>nunc</span> <span class='ocrx_word' id='word_1_283' title='bbox 1001 2848 1166 2879; x_wconf 88' lang='lat' dir='ltr'>donationi</span> <span class='ocrx_word' id='word_1_284' title='bbox 1180 2859 1275 2890; x_wconf 85' lang='lat' dir='ltr'>apos-</span> 
     </span>
     <span class='ocr_line' id='line_1_40' title="bbox 273 2892 1274 2942; baseline 0.016 -23"><span class='ocrx_word' id='word_1_285' title='bbox 273 2903 286 2915; x_wconf 70' lang='lat'>»</span> <span class='ocrx_word' id='word_1_286' title='bbox 312 2892 400 2922; x_wconf 74' lang='lat' dir='ltr'>inlice</span> <span class='ocrx_word' id='word_1_287' title='bbox 413 2902 651 2926; x_wconf 81' lang='lat' dir='ltr'>reservamus...</span> <span class='ocrx_word' id='word_1_288' title='bbox 672 2897 741 2926; x_wconf 88' lang='lat' dir='ltr'>Dat.</span> <span class='ocrx_word' id='word_1_289' title='bbox 762 2898 910 2936; x_wconf 84' lang='lat' dir='ltr'>Viterbii,</span> <span class='ocrx_word' id='word_1_290' title='bbox 929 2910 971 2930; x_wconf 87' lang='lat' dir='ltr'>vn</span> <span class='ocrx_word' id='word_1_291' title='bbox 993 2901 1064 2932; x_wconf 90' lang='lat' dir='ltr'>idus</span> <span class='ocrx_word' id='word_1_292' title='bbox 1080 2903 1274 2942; x_wconf 88' lang='lat' dir='ltr'>decembris,</span> 
     </span>
     <span class='ocr_line' id='line_1_41' title="bbox 273 2945 890 2990; baseline 0.019 -19"><span class='ocrx_word' id='word_1_293' title='bbox 273 2956 284 2970; x_wconf 69' lang='grc' dir='ltr'>τ.</span> <span class='ocrx_word' id='word_1_294' title='bbox 310 2945 511 2982; x_wconf 81' lang='lat' dir='ltr'>pontificatus</span> <span class='ocrx_word' id='word_1_295' title='bbox 527 2950 624 2978; x_wconf 88' lang='lat' dir='ltr'>nostri</span> <span class='ocrx_word' id='word_1_296' title='bbox 644 2959 729 2980; x_wconf 89' lang='lat' dir='ltr'>anno</span> <span class='ocrx_word' id='word_1_297' title='bbox 746 2952 862 2990; x_wconf 89' lang='lat' dir='ltr'>primo.</span> <span class='ocrx_word' id='word_1_298' title='bbox 877 2966 890 2979; x_wconf 65' lang='lat' dir='ltr'>&gt;v</span> 
     </span>
    </p>

    <p class='ocr_par' dir='ltr' id='par_1_12' title="bbox 272 2998 1274 3097">
     <span class='ocr_line' id='line_1_42' title="bbox 315 2998 1274 3051; baseline 0.018 -26"><span class='ocrx_word' id='word_1_299' title='bbox 315 3010 325 3021; x_wconf 78' lang='grc' dir='ltr'>ι</span> <span class='ocrx_word' id='word_1_300' title='bbox 354 2998 508 3029; x_wconf 69' lang='lat' dir='ltr'>&#39;sonorem</span> <span class='ocrx_word' id='word_1_301' title='bbox 535 3004 747 3039; x_wconf 80' lang='lat' dir='ltr'>quarumdam</span> <span class='ocrx_word' id='word_1_302' title='bbox 776 3004 993 3038; x_wconf 84' lang='lat' dir='ltr'>litterarum...</span> <span class='ocrx_word' id='word_1_303' title='bbox 1023 3025 1064 3031; x_wconf 89' lang='lat'>-</span> <span class='ocrx_word' id='word_1_304' title='bbox 1092 3010 1162 3040; x_wconf 81' lang='lat' dir='ltr'>Dat.</span> <span class='ocrx_word' id='word_1_305' title='bbox 1190 3012 1274 3051; x_wconf 79' lang='lat' dir='ltr'>apud</span> 
     </span>
     <span class='ocr_line' id='line_1_43' title="bbox 272 3049 1224 3097; baseline 0.019 -20"><span class='ocrx_word' id='word_1_306' title='bbox 272 3049 528 3082; x_wconf 67' lang='lat' dir='ltr'>L&#39;rb2mveterem</span> <span class='ocrx_word' id='word_1_307' title='bbox 543 3078 548 3083; x_wconf 76' lang='grc'>,</span> <span class='ocrx_word' id='word_1_308' title='bbox 570 3064 586 3082; x_wconf 82' lang='lat' dir='ltr'>v</span> <span class='ocrx_word' id='word_1_309' title='bbox 605 3054 755 3086; x_wconf 75' lang='lat' dir='ltr'>kalendas</span> <span class='ocrx_word' id='word_1_310' title='bbox 772 3058 963 3097; x_wconf 81' lang='lat' dir='ltr'>decembris,</span> <span class='ocrx_word' id='word_1_311' title='bbox 981 3070 1066 3092; x_wconf 87' lang='lat' dir='ltr'>anno</span> <span class='ocrx_word' id='word_1_312' title='bbox 1083 3065 1187 3095; x_wconf 87' lang='lat' dir='ltr'>tertio.</span> <span class='ocrx_word' id='word_1_313' title='bbox 1210 3077 1224 3092; x_wconf 91' lang='lat'>»</span> 
     </span>
    </p>
   </div>
   <div class='ocr_carea' id='block_1_10' title="bbox 1404 449 2241 547">
    <p class='ocr_par' dir='ltr' id='par_1_13' title="bbox 1404 449 2241 547">
     <span class='ocr_line' id='line_1_44' title="bbox 1441 449 1559 478; baseline 0.017 -2"><span class='ocrx_word' id='word_1_314' title='bbox 1441 449 1559 478; x_wconf 82' lang='grc'>3838</span> 
     </span>
     <span class='ocr_line' id='line_1_45' title="bbox 1404 509 2241 547; baseline 0.005 -11"><span class='ocrx_word' id='word_1_315' title='bbox 1404 509 1589 543; x_wconf 80' lang='lat' dir='ltr'>Dispensatio</span> <span class='ocrx_word' id='word_1_316' title='bbox 1605 511 1789 538; x_wconf 83' lang='lat' dir='ltr'>matrimonii.</span> <span class='ocrx_word' id='word_1_317' title='bbox 1805 510 1888 545; x_wconf 72' lang='lat' dir='ltr'>(Rea.</span> <span class='ocrx_word' id='word_1_318' title='bbox 1908 512 1952 546; x_wconf 71' lang='lat'>45,</span> <span class='ocrx_word' id='word_1_319' title='bbox 1968 520 1993 539; x_wconf 89' lang='lat' dir='ltr'>c.</span> <span class='ocrx_word' id='word_1_320' title='bbox 2011 512 2072 544; x_wconf 75' lang='lat'>595,</span> <span class='ocrx_word' id='word_1_321' title='bbox 2091 512 2109 540; x_wconf 83' lang='lat' dir='ltr'>f.</span> <span class='ocrx_word' id='word_1_322' title='bbox 2129 512 2178 540; x_wconf 76' lang='lat'>1‘20</span> <span class='ocrx_word' id='word_1_323' title='bbox 2194 515 2241 547; x_wconf 74' lang='lat' dir='ltr'>ro.)</span> 
     </span>
    </p>
   </div>
   <div class='ocr_carea' id='block_1_11' title="bbox 1862 448 2306 480">
    <p class='ocr_par' dir='ltr' id='par_1_14' title="bbox 1862 448 2306 480">
     <span class='ocr_line' id='line_1_46' title="bbox 1862 448 2306 480; baseline 0.011 -6"><span class='ocrx_word' id='word_1_324' title='bbox 1862 448 1994 480; x_wconf 82' lang='lat' dir='ltr'>Orvieto,</span> <span class='ocrx_word' id='word_1_325' title='bbox 2011 449 2045 476; x_wconf 72' lang='grc' dir='ltr'>ς23</span> <span class='ocrx_word' id='word_1_326' title='bbox 2061 449 2212 477; x_wconf 72' lang='lat' dir='ltr'>decembre</span> <span class='ocrx_word' id='word_1_327' title='bbox 2230 451 2306 479; x_wconf 67' lang='lat'>1290.</span> 
     </span>
    </p>
   </div>
   <div class='ocr_carea' id='block_1_12' title="bbox 1364 612 2429 1183">
    <p class='ocr_par' dir='ltr' id='par_1_15' title="bbox 1366 612 2429 1068">
     <span class='ocr_line' id='line_1_47' title="bbox 1415 612 2377 652; baseline 0.009 -12"><span class='ocrx_word' id='word_1_328' title='bbox 1415 613 1581 641; x_wconf 72' lang='lat' dir='ltr'>Venerabili</span> <span class='ocrx_word' id='word_1_329' title='bbox 1598 612 1728 649; x_wconf 76' lang='lat' dir='ltr'>fratri..</span> <span class='ocrx_word' id='word_1_330' title='bbox 1752 614 1975 651; x_wconf 79' lang='lat' dir='ltr'>archiepiscopo</span> <span class='ocrx_word' id='word_1_331' title='bbox 1999 613 2182 652; x_wconf 74' lang='lat' dir='ltr'>Amalfitano</span> <span class='ocrx_word' id='word_1_332' title='bbox 2207 617 2377 650; x_wconf 71' lang='lat' dir='ltr'>committit</span> 
     </span>
     <span class='ocr_line' id='line_1_48' title="bbox 1369 665 2429 704; baseline 0.008 -10"><span class='ocrx_word' id='word_1_333' title='bbox 1369 669 1554 703; x_wconf 83' lang='lat' dir='ltr'>potestatem</span> <span class='ocrx_word' id='word_1_334' title='bbox 1571 665 1782 704; x_wconf 88' lang='lat' dir='ltr'>dispensandi</span> <span class='ocrx_word' id='word_1_335' title='bbox 1798 675 1871 696; x_wconf 90' lang='lat' dir='ltr'>cum</span> <span class='ocrx_word' id='word_1_336' title='bbox 1889 666 1991 697; x_wconf 88' lang='lat' dir='ltr'>nobili</span> <span class='ocrx_word' id='word_1_337' title='bbox 2009 668 2077 697; x_wconf 88' lang='lat' dir='ltr'>viro</span> <span class='ocrx_word' id='word_1_338' title='bbox 2093 668 2223 699; x_wconf 80' lang='lat' dir='ltr'>Audi-ea</span> <span class='ocrx_word' id='word_1_339' title='bbox 2239 669 2322 701; x_wconf 88' lang='lat' dir='ltr'>dicto</span> <span class='ocrx_word' id='word_1_340' title='bbox 2338 671 2378 703; x_wconf 81' lang='lat' dir='ltr'>de</span> <span class='ocrx_word' id='word_1_341' title='bbox 2427 687 2429 690; x_wconf 53' lang='lat'><em>⁴</em></span> 
     </span>
     <span class='ocr_line' id='line_1_49' title="bbox 1366 718 2378 763; baseline 0.007 -15"><span class='ocrx_word' id='word_1_342' title='bbox 1366 718 1492 754; x_wconf 89' lang='lat' dir='ltr'>Judice,</span> <span class='ocrx_word' id='word_1_343' title='bbox 1511 722 1585 748; x_wconf 86' lang='lat' dir='ltr'>nato</span> <span class='ocrx_word' id='word_1_344' title='bbox 1602 718 1763 757; x_wconf 88' lang='lat' dir='ltr'>quondam</span> <span class='ocrx_word' id='word_1_345' title='bbox 1778 719 1941 763; x_wconf 80' lang='lat' dir='ltr'>Johannis</span> <span class='ocrx_word' id='word_1_346' title='bbox 1956 720 2089 757; x_wconf 84' lang='lat' dir='ltr'>Vaccae,</span> <span class='ocrx_word' id='word_1_347' title='bbox 2108 725 2137 751; x_wconf 92' lang='lat' dir='ltr'>et</span> <span class='ocrx_word' id='word_1_348' title='bbox 2156 721 2258 752; x_wconf 81' lang='lat' dir='ltr'>nobili</span> <span class='ocrx_word' id='word_1_349' title='bbox 2273 723 2378 762; x_wconf 80' lang='lat' dir='ltr'>puella</span> 
     </span>
     <span class='ocr_line' id='line_1_50' title="bbox 1369 770 2375 815; baseline 0.009 -16"><span class='ocrx_word' id='word_1_350' title='bbox 1369 770 1495 806; x_wconf 86' lang='lat' dir='ltr'>Letitia,</span> <span class='ocrx_word' id='word_1_351' title='bbox 1514 775 1588 800; x_wconf 87' lang='lat' dir='ltr'>nata</span> <span class='ocrx_word' id='word_1_352' title='bbox 1603 771 1767 810; x_wconf 87' lang='lat' dir='ltr'>quondam</span> <span class='ocrx_word' id='word_1_353' title='bbox 1785 772 2024 803; x_wconf 89' lang='lat' dir='ltr'>Bartholomaei</span> <span class='ocrx_word' id='word_1_354' title='bbox 2039 773 2116 804; x_wconf 89' lang='lat' dir='ltr'>dicti</span> <span class='ocrx_word' id='word_1_355' title='bbox 2131 773 2375 815; x_wconf 81' lang='lat' dir='ltr'>Cappasanctae,</span> 
     </span>
     <span class='ocr_line' id='line_1_51' title="bbox 1366 823 2376 865; baseline 0.007 -12"><span class='ocrx_word' id='word_1_356' title='bbox 1366 823 1490 853; x_wconf 86' lang='lat' dir='ltr'>civibus</span> <span class='ocrx_word' id='word_1_357' title='bbox 1509 824 1731 862; x_wconf 84' lang='lat' dir='ltr'>Amalfitanis,</span> <span class='ocrx_word' id='word_1_358' title='bbox 1751 828 1801 861; x_wconf 89' lang='lat' dir='ltr'>ut,</span> <span class='ocrx_word' id='word_1_359' title='bbox 1819 834 2004 865; x_wconf 79' lang='lat' dir='ltr'>quanquam</span> <span class='ocrx_word' id='word_1_360' title='bbox 2025 826 2187 865; x_wconf 85' lang='lat' dir='ltr'>quondam</span> <span class='ocrx_word' id='word_1_361' title='bbox 2211 828 2376 861; x_wconf 58' lang='lat' dir='ltr'>,Iohannes</span> 
     </span>
     <span class='ocr_line' id='line_1_52' title="bbox 1366 876 2379 919; baseline 0.006 -13"><span class='ocrx_word' id='word_1_362' title='bbox 1366 876 1471 906; x_wconf 90' lang='lat' dir='ltr'>dictus</span> <span class='ocrx_word' id='word_1_363' title='bbox 1494 876 1666 916; x_wconf 88' lang='lat' dir='ltr'>Capuanus</span> <span class='ocrx_word' id='word_1_364' title='bbox 1688 878 1727 908; x_wconf 91' lang='lat' dir='ltr'>de</span> <span class='ocrx_word' id='word_1_365' title='bbox 1752 878 1908 915; x_wconf 84' lang='lat' dir='ltr'>Amalfia,</span> <span class='ocrx_word' id='word_1_366' title='bbox 1928 879 1985 917; x_wconf 85' lang='lat' dir='ltr'>qui</span> <span class='ocrx_word' id='word_1_367' title='bbox 2006 879 2154 910; x_wconf 89' lang='lat' dir='ltr'>Andreae</span> <span class='ocrx_word' id='word_1_368' title='bbox 2173 885 2286 919; x_wconf 88' lang='lat' dir='ltr'>quarto</span> <span class='ocrx_word' id='word_1_369' title='bbox 2303 889 2379 913; x_wconf 81' lang='lat' dir='ltr'>con-</span> 
     </span>
     <span class='ocr_line' id='line_1_53' title="bbox 1366 930 2377 975; baseline 0.006 -16"><span class='ocrx_word' id='word_1_370' title='bbox 1366 930 1594 968; x_wconf 73' lang='lat' dir='ltr'>sanguinitatis</span> <span class='ocrx_word' id='word_1_371' title='bbox 1610 931 1711 969; x_wconf 85' lang='lat' dir='ltr'>gradu</span> <span class='ocrx_word' id='word_1_372' title='bbox 1727 932 1897 969; x_wconf 80' lang='lat' dir='ltr'>attinebat,</span> <span class='ocrx_word' id='word_1_373' title='bbox 1919 941 1993 962; x_wconf 90' lang='lat' dir='ltr'>cum</span> <span class='ocrx_word' id='word_1_374' title='bbox 2015 933 2128 962; x_wconf 84' lang='lat' dir='ltr'>Letitia</span> <span class='ocrx_word' id='word_1_375' title='bbox 2148 934 2308 972; x_wconf 83' lang='lat' dir='ltr'>sponsalia</span> <span class='ocrx_word' id='word_1_376' title='bbox 2322 943 2377 975; x_wconf 82' lang='lat' dir='ltr'>per</span> 
     </span>
     <span class='ocr_line' id='line_1_54' title="bbox 1366 983 2378 1026; baseline 0.007 -14"><span class='ocrx_word' id='word_1_377' title='bbox 1366 983 1463 1012; x_wconf 87' lang='lat' dir='ltr'>verba</span> <span class='ocrx_word' id='word_1_378' title='bbox 1480 983 1519 1013; x_wconf 89' lang='lat' dir='ltr'>de</span> <span class='ocrx_word' id='word_1_379' title='bbox 1536 984 1698 1022; x_wconf 85' lang='lat' dir='ltr'>praesenti</span> <span class='ocrx_word' id='word_1_380' title='bbox 1714 985 1890 1023; x_wconf 80' lang='lat' dir='ltr'>contraxit,</span> <span class='ocrx_word' id='word_1_381' title='bbox 1907 986 2151 1016; x_wconf 87' lang='lat' dir='ltr'>matrimonium</span> <span class='ocrx_word' id='word_1_382' title='bbox 2173 991 2278 1017; x_wconf 89' lang='lat' dir='ltr'>tamen</span> <span class='ocrx_word' id='word_1_383' title='bbox 2293 987 2378 1026; x_wconf 79' lang='lat' dir='ltr'>inter</span> 
     </span>
     <span class='ocr_line' id='line_1_55' title="bbox 1366 1037 1760 1068; baseline 0.008 -3"><span class='ocrx_word' id='word_1_384' title='bbox 1366 1045 1399 1066; x_wconf 92' lang='lat' dir='ltr'>se</span> <span class='ocrx_word' id='word_1_385' title='bbox 1417 1037 1607 1067; x_wconf 82' lang='lat' dir='ltr'>contrahere</span> <span class='ocrx_word' id='word_1_386' title='bbox 1623 1037 1760 1068; x_wconf 86' lang='lat' dir='ltr'>valeant.</span> 
     </span>
    </p>

    <p class='ocr_par' dir='ltr' id='par_1_16' title="bbox 1364 1090 2375 1183">
     <span class='ocr_line' id='line_1_56' title="bbox 1407 1090 2375 1135; baseline 0.007 -17"><span class='ocrx_word' id='word_1_387' title='bbox 1407 1102 1422 1117; x_wconf 91' lang='lat'>«</span> <span class='ocrx_word' id='word_1_388' title='bbox 1444 1090 1561 1121; x_wconf 84' lang='lat' dir='ltr'>Dilecti</span> <span class='ocrx_word' id='word_1_389' title='bbox 1578 1090 1638 1120; x_wconf 85' lang='lat' dir='ltr'>filii</span> <span class='ocrx_word' id='word_1_390' title='bbox 1660 1091 1816 1122; x_wconf 89' lang='lat' dir='ltr'>nobilis...</span> <span class='ocrx_word' id='word_1_391' title='bbox 1837 1109 1872 1114; x_wconf 92' lang='lat'><strong>—</strong></span> <span class='ocrx_word' id='word_1_392' title='bbox 1891 1093 1962 1123; x_wconf 88' lang='lat' dir='ltr'>Dat.</span> <span class='ocrx_word' id='word_1_393' title='bbox 1989 1094 2073 1132; x_wconf 92' lang='lat' dir='ltr'>apud</span> <span class='ocrx_word' id='word_1_394' title='bbox 2097 1093 2375 1135; x_wconf 82' lang='lat' dir='ltr'>Urbemveterem,</span> 
     </span>
     <span class='ocr_line' id='line_1_57' title="bbox 1364 1142 1983 1183; baseline 0.002 -11"><span class='ocrx_word' id='word_1_395' title='bbox 1364 1152 1383 1172; x_wconf 82' lang='lat' dir='ltr'><strong>x</strong></span> <span class='ocrx_word' id='word_1_396' title='bbox 1401 1142 1556 1173; x_wconf 85' lang='lat' dir='ltr'>kalendas</span> <span class='ocrx_word' id='word_1_397' title='bbox 1572 1144 1727 1183; x_wconf 76' lang='lat' dir='ltr'>Januarii,</span> <span class='ocrx_word' id='word_1_398' title='bbox 1743 1153 1831 1176; x_wconf 91' lang='lat' dir='ltr'>anno</span> <span class='ocrx_word' id='word_1_399' title='bbox 1848 1147 1949 1176; x_wconf 87' lang='lat' dir='ltr'>tertio.</span> <span class='ocrx_word' id='word_1_400' title='bbox 1969 1158 1983 1173; x_wconf 80' lang='lat'>»</span> 
     </span>
    </p>
   </div>
   <div class='ocr_carea' id='block_1_13' title="bbox 2367 607 2477 3637">
    <p class='ocr_par' dir='ltr' id='par_1_17' title="bbox 2367 607 2477 3637">
     <span class='ocr_line' id='line_1_58' title="bbox 2391 607 2466 842; baseline 0 0"><span class='ocrx_word' id='word_1_401' title='bbox 2391 607 2466 842; x_wconf 95' lang='lat' dir='ltr'>    </span> 
     </span>
     <span class='ocr_line' id='line_1_59' title="bbox 2390 842 2470 997; baseline 0 -57"><span class='ocrx_word' id='word_1_402' title='bbox 2390 842 2470 997; x_wconf 95' lang='lat' dir='ltr'>   </span> 
     </span>
     <span class='ocr_line' id='line_1_60' title="bbox 2389 997 2477 1157; baseline 0 0"><span class='ocrx_word' id='word_1_403' title='bbox 2389 997 2477 1157; x_wconf 95' lang='lat' dir='ltr'>   </span> 
     </span>
     <span class='ocr_line' id='line_1_61' title="bbox 2385 1157 2477 1590; baseline 0 -128"><span class='ocrx_word' id='word_1_404' title='bbox 2385 1157 2477 1590; x_wconf 95' lang='lat' dir='ltr'>   </span> 
     </span>
     <span class='ocr_line' id='line_1_62' title="bbox 2378 1590 2477 1761; baseline 0 0"><span class='ocrx_word' id='word_1_405' title='bbox 2378 1590 2477 1761; x_wconf 95' lang='lat' dir='ltr'>   </span> 
     </span>
     <span class='ocr_line' id='line_1_63' title="bbox 2372 1761 2477 2324; baseline 0 0"><span class='ocrx_word' id='word_1_406' title='bbox 2372 1761 2477 2324; x_wconf 95' lang='lat' dir='ltr'>    </span> 
     </span>
     <span class='ocr_line' id='line_1_64' title="bbox 2372 2324 2477 2590; baseline 0 -52"><span class='ocrx_word' id='word_1_407' title='bbox 2372 2324 2477 2590; x_wconf 95' lang='lat' dir='ltr'>      </span> 
     </span>
     <span class='ocr_line' id='line_1_65' title="bbox 2367 2590 2477 2831; baseline 0 0"><span class='ocrx_word' id='word_1_408' title='bbox 2367 2590 2477 2831; x_wconf 95' lang='lat' dir='ltr'>    </span> 
     </span>
     <span class='ocr_line' id='line_1_66' title="bbox 2374 2831 2477 2935; baseline 0 -27"><span class='ocrx_word' id='word_1_409' title='bbox 2374 2831 2477 2935; x_wconf 95' lang='lat' dir='ltr'>  </span> 
     </span>
     <span class='ocr_line' id='line_1_67' title="bbox 2376 2935 2477 3637; baseline 0 0"><span class='ocrx_word' id='word_1_410' title='bbox 2376 2935 2477 3637; x_wconf 95' lang='lat' dir='ltr'>   </span> 
     </span>
    </p>
   </div>
   <div class='ocr_carea' id='block_1_14' title="bbox 1435 1315 2305 1351">
    <p class='ocr_par' dir='ltr' id='par_1_18' title="bbox 1435 1315 2305 1351">
     <span class='ocr_line' id='line_1_68' title="bbox 1435 1315 2305 1351; baseline 0.005 -7"><span class='ocrx_word' id='word_1_411' title='bbox 1435 1315 1553 1344; x_wconf 73' lang='lat'>3839</span> <span class='ocrx_word' id='word_1_412' title='bbox 1859 1317 1990 1351; x_wconf 58' lang='lat' dir='ltr'>Orvietm</span> <span class='ocrx_word' id='word_1_413' title='bbox 2010 1319 2042 1346; x_wconf 69' lang='lat'>*23</span> <span class='ocrx_word' id='word_1_414' title='bbox 2057 1319 2211 1347; x_wconf 74' lang='lat' dir='ltr'>decembre</span> <span class='ocrx_word' id='word_1_415' title='bbox 2224 1319 2305 1348; x_wconf 71' lang='grc'>’1290-</span> 
     </span>
    </p>
   </div>
   <div class='ocr_carea' id='block_1_15' title="bbox 1399 1378 2235 1417">
    <p class='ocr_par' dir='ltr' id='par_1_19' title="bbox 1399 1378 2235 1417">
     <span class='ocr_line' id='line_1_69' title="bbox 1399 1378 2235 1417; baseline 0.006 -12"><span class='ocrx_word' id='word_1_416' title='bbox 1399 1378 1585 1414; x_wconf 83' lang='lat' dir='ltr'>Dispensatio</span> <span class='ocrx_word' id='word_1_417' title='bbox 1602 1380 1786 1408; x_wconf 86' lang='lat' dir='ltr'>matrimonii.</span> <span class='ocrx_word' id='word_1_418' title='bbox 1803 1381 1887 1415; x_wconf 72' lang='lat' dir='ltr'>(Rea.</span> <span class='ocrx_word' id='word_1_419' title='bbox 1905 1382 1948 1414; x_wconf 81' lang='lat'>45,</span> <span class='ocrx_word' id='word_1_420' title='bbox 1965 1390 1991 1409; x_wconf 89' lang='lat' dir='ltr'>c.</span> <span class='ocrx_word' id='word_1_421' title='bbox 2008 1382 2070 1417; x_wconf 80' lang='lat'>596,</span> <span class='ocrx_word' id='word_1_422' title='bbox 2084 1382 2105 1410; x_wconf 85' lang='lat' dir='ltr'>f.</span> <span class='ocrx_word' id='word_1_423' title='bbox 2121 1382 2171 1411; x_wconf 71' lang='lat'>120</span> <span class='ocrx_word' id='word_1_424' title='bbox 2187 1385 2235 1417; x_wconf 74' lang='lat' dir='ltr'>r0.)</span> 
     </span>
    </p>
   </div>
   <div class='ocr_carea' id='block_1_16' title="bbox 1361 1483 2402 1846">
    <p class='ocr_par' dir='ltr' id='par_1_20' title="bbox 1361 1483 2402 1780">
     <span class='ocr_line' id='line_1_70' title="bbox 1405 1483 2402 1526; baseline 0.008 -16"><span class='ocrx_word' id='word_1_425' title='bbox 1405 1505 1425 1511; x_wconf 90' lang='lat'>..</span> <span class='ocrx_word' id='word_1_426' title='bbox 1445 1483 1579 1521; x_wconf 80' lang='lat' dir='ltr'>episcopo</span> <span class='ocrx_word' id='word_1_427' title='bbox 1594 1484 1761 1513; x_wconf 83' lang='lat' dir='ltr'>Menevensi</span> <span class='ocrx_word' id='word_1_428' title='bbox 1777 1485 1948 1515; x_wconf 84' lang='lat' dir='ltr'>committit</span> <span class='ocrx_word' id='word_1_429' title='bbox 1965 1489 2150 1524; x_wconf 88' lang='lat' dir='ltr'>potestatem</span> <span class='ocrx_word' id='word_1_430' title='bbox 2166 1485 2375 1526; x_wconf 85' lang='lat' dir='ltr'>dispensandi</span> <span class='ocrx_word' id='word_1_431' title='bbox 2400 1500 2402 1502; x_wconf 58' lang='grc'>’</span> 
     </span>
     <span class='ocr_line' id='line_1_71' title="bbox 1363 1535 2374 1572; baseline 0.007 -8"><span class='ocrx_word' id='word_1_432' title='bbox 1363 1542 1436 1564; x_wconf 89' lang='lat' dir='ltr'>cum</span> <span class='ocrx_word' id='word_1_433' title='bbox 1451 1535 1552 1565; x_wconf 90' lang='lat' dir='ltr'>nobili</span> <span class='ocrx_word' id='word_1_434' title='bbox 1569 1536 1638 1567; x_wconf 87' lang='lat' dir='ltr'>viro</span> <span class='ocrx_word' id='word_1_435' title='bbox 1654 1536 1796 1567; x_wconf 87' lang='lat' dir='ltr'>Galfrido</span> <span class='ocrx_word' id='word_1_436' title='bbox 1813 1537 1852 1567; x_wconf 89' lang='lat' dir='ltr'>de</span> <span class='ocrx_word' id='word_1_437' title='bbox 1868 1538 2029 1568; x_wconf 84' lang='lat' dir='ltr'>Raunvile</span> <span class='ocrx_word' id='word_1_438' title='bbox 2044 1543 2075 1569; x_wconf 90' lang='lat' dir='ltr'>et</span> <span class='ocrx_word' id='word_1_439' title='bbox 2088 1539 2241 1570; x_wconf 85' lang='lat' dir='ltr'>Johanna</span> <span class='ocrx_word' id='word_1_440' title='bbox 2255 1539 2296 1570; x_wconf 91' lang='lat' dir='ltr'>de</span> <span class='ocrx_word' id='word_1_441' title='bbox 2312 1539 2374 1572; x_wconf 88' lang='lat' dir='ltr'>He-</span> 
     </span>
     <span class='ocr_line' id='line_1_72' title="bbox 1361 1588 2396 1632; baseline 0.009 -15"><span class='ocrx_word' id='word_1_442' title='bbox 1361 1588 1470 1626; x_wconf 81' lang='lat' dir='ltr'>refort,</span> <span class='ocrx_word' id='word_1_443' title='bbox 1486 1589 1692 1620; x_wconf 88' lang='lat' dir='ltr'>Menevensis</span> <span class='ocrx_word' id='word_1_444' title='bbox 1707 1590 1874 1628; x_wconf 89' lang='lat' dir='ltr'>dioecesis,</span> <span class='ocrx_word' id='word_1_445' title='bbox 1886 1592 1966 1621; x_wconf 92' lang='lat' dir='ltr'>utin</span> <span class='ocrx_word' id='word_1_446' title='bbox 1978 1592 2186 1623; x_wconf 89' lang='lat' dir='ltr'>matrimonio</span> <span class='ocrx_word' id='word_1_447' title='bbox 2196 1593 2281 1632; x_wconf 84' lang='lat' dir='ltr'>quod</span> <span class='ocrx_word' id='word_1_448' title='bbox 2295 1592 2374 1625; x_wconf 89' lang='lat' dir='ltr'>olim</span> <span class='ocrx_word' id='word_1_449' title='bbox 2388 1599 2396 1627; x_wconf 67' lang='lat'>4</span> 
     </span>
     <span class='ocr_line' id='line_1_73' title="bbox 1361 1643 2374 1685; baseline 0.007 -14"><span class='ocrx_word' id='word_1_450' title='bbox 1361 1646 1607 1680; x_wconf 84' lang='lat' dir='ltr'>contraxerunt,</span> <span class='ocrx_word' id='word_1_451' title='bbox 1643 1643 1828 1682; x_wconf 86' lang='lat' dir='ltr'>ignorantes</span> <span class='ocrx_word' id='word_1_452' title='bbox 1863 1653 1897 1675; x_wconf 90' lang='lat' dir='ltr'>se</span> <span class='ocrx_word' id='word_1_453' title='bbox 1930 1650 2044 1684; x_wconf 84' lang='lat' dir='ltr'>quarto</span> <span class='ocrx_word' id='word_1_454' title='bbox 2083 1647 2374 1685; x_wconf 75' lang='lat' dir='ltr'>consanguinitatis</span> 
     </span>
     <span class='ocr_line' id='line_1_74' title="bbox 1361 1695 2373 1739; baseline 0.006 -14"><span class='ocrx_word' id='word_1_455' title='bbox 1361 1695 1461 1734; x_wconf 85' lang='lat' dir='ltr'>gradu</span> <span class='ocrx_word' id='word_1_456' title='bbox 1478 1696 1665 1736; x_wconf 86' lang='lat' dir='ltr'>conjunctos</span> <span class='ocrx_word' id='word_1_457' title='bbox 1678 1706 1757 1735; x_wconf 88' lang='lat' dir='ltr'>esse,</span> <span class='ocrx_word' id='word_1_458' title='bbox 1775 1698 1854 1728; x_wconf 86' lang='lat' dir='ltr'>etin</span> <span class='ocrx_word' id='word_1_459' title='bbox 1868 1707 1932 1737; x_wconf 87' lang='lat' dir='ltr'>quo</span> <span class='ocrx_word' id='word_1_460' title='bbox 1948 1699 2070 1738; x_wconf 89' lang='lat' dir='ltr'>prolem</span> <span class='ocrx_word' id='word_1_461' title='bbox 2086 1704 2305 1739; x_wconf 86' lang='lat' dir='ltr'>procrearunt,</span> <span class='ocrx_word' id='word_1_462' title='bbox 2322 1709 2373 1731; x_wconf 82' lang='lat' dir='ltr'>re-</span> 
     </span>
     <span class='ocr_line' id='line_1_75' title="bbox 1361 1749 1648 1780; baseline 0.007 -2"><span class='ocrx_word' id='word_1_463' title='bbox 1361 1758 1493 1779; x_wconf 84' lang='lat' dir='ltr'>manere</span> <span class='ocrx_word' id='word_1_464' title='bbox 1508 1749 1648 1780; x_wconf 84' lang='lat' dir='ltr'>valeant.</span> 
     </span>
    </p>

    <p class='ocr_par' dir='ltr' id='par_1_21' title="bbox 1403 1803 2211 1846">
     <span class='ocr_line' id='line_1_76' title="bbox 1403 1803 2211 1846; baseline 0.004 -14"><span class='ocrx_word' id='word_1_465' title='bbox 1403 1815 1417 1830; x_wconf 74' lang='grc' dir='ltr'><strong>α</strong></span> <span class='ocrx_word' id='word_1_466' title='bbox 1437 1803 1584 1834; x_wconf 84' lang='lat' dir='ltr'>Exhibita</span> <span class='ocrx_word' id='word_1_467' title='bbox 1600 1805 1693 1835; x_wconf 87' lang='lat' dir='ltr'>nobis</span> <span class='ocrx_word' id='word_1_468' title='bbox 1708 1805 1855 1836; x_wconf 87' lang='lat' dir='ltr'>dilecti...</span> <span class='ocrx_word' id='word_1_469' title='bbox 1871 1822 1910 1829; x_wconf 89' lang='lat'>—</span> <span class='ocrx_word' id='word_1_470' title='bbox 1926 1806 1999 1837; x_wconf 88' lang='lat' dir='ltr'>Dat.</span> <span class='ocrx_word' id='word_1_471' title='bbox 2019 1810 2053 1838; x_wconf 83' lang='lat' dir='ltr'>ut</span> <span class='ocrx_word' id='word_1_472' title='bbox 2070 1815 2176 1846; x_wconf 90' lang='lat' dir='ltr'>supra.</span> <span class='ocrx_word' id='word_1_473' title='bbox 2198 1819 2211 1835; x_wconf 70' lang='lat' dir='ltr'>n</span> 
     </span>
    </p>
   </div>
   <div class='ocr_carea' id='block_1_17' title="bbox 1397 1990 2302 2088">
    <p class='ocr_par' dir='ltr' id='par_1_22' title="bbox 1397 1990 2302 2088">
     <span class='ocr_line' id='line_1_77' title="bbox 1431 1990 2302 2025; baseline 0.002 -7"><span class='ocrx_word' id='word_1_474' title='bbox 1431 1990 1683 2019; x_wconf 69' lang='lat'><strong>3840-3846</strong></span> <span class='ocrx_word' id='word_1_475' title='bbox 1859 1990 1987 2025; x_wconf 81' lang='lat' dir='ltr'>Orvieto‚</span> <span class='ocrx_word' id='word_1_476' title='bbox 2006 1991 2037 2019; x_wconf 85' lang='grc'>13</span> <span class='ocrx_word' id='word_1_477' title='bbox 2053 1991 2206 2020; x_wconf 77' lang='lat' dir='ltr'>decembre</span> <span class='ocrx_word' id='word_1_478' title='bbox 2221 1992 2302 2022; x_wconf 79' lang='lat'>1290.</span> 
     </span>
     <span class='ocr_line' id='line_1_78' title="bbox 1397 2051 2061 2088; baseline 0.003 -10"><span class='ocrx_word' id='word_1_479' title='bbox 1397 2051 1606 2087; x_wconf 86' lang='lat' dir='ltr'>Indulgentiae.</span> <span class='ocrx_word' id='word_1_480' title='bbox 1623 2053 1707 2086; x_wconf 72' lang='lat' dir='ltr'>(Rau.</span> <span class='ocrx_word' id='word_1_481' title='bbox 1728 2054 1769 2086; x_wconf 72' lang='lat'>45,</span> <span class='ocrx_word' id='word_1_482' title='bbox 1787 2061 1813 2080; x_wconf 82' lang='grc' dir='ltr'>ο.</span> <span class='ocrx_word' id='word_1_483' title='bbox 1830 2054 1890 2085; x_wconf 83' lang='grc'>597,</span> <span class='ocrx_word' id='word_1_484' title='bbox 1908 2054 1927 2081; x_wconf 83' lang='lat' dir='ltr'>f.</span> <span class='ocrx_word' id='word_1_485' title='bbox 1946 2054 1996 2082; x_wconf 70' lang='lat'>1⁵20</span> <span class='ocrx_word' id='word_1_486' title='bbox 2013 2056 2061 2088; x_wconf 80' lang='lat' dir='ltr'>r0.)</span> 
     </span>
    </p>
   </div>
   <div class='ocr_carea' id='block_1_18' title="bbox 1358 2157 2383 3103">
    <p class='ocr_par' dir='ltr' id='par_1_23' title="bbox 1360 2157 2382 2624">
     <span class='ocr_line' id='line_1_79' title="bbox 1404 2157 2369 2198; baseline 0.004 -12"><span class='ocrx_word' id='word_1_487' title='bbox 1404 2157 1558 2186; x_wconf 83' lang='lat' dir='ltr'>Universis</span> <span class='ocrx_word' id='word_1_488' title='bbox 1575 2157 1690 2186; x_wconf 74' lang='lat' dir='ltr'>Christi</span> <span class='ocrx_word' id='word_1_489' title='bbox 1712 2157 1849 2194; x_wconf 76' lang='lat' dir='ltr'>fidelibus</span> <span class='ocrx_word' id='word_1_490' title='bbox 1869 2162 2018 2195; x_wconf 79' lang='lat' dir='ltr'>presentes</span> <span class='ocrx_word' id='word_1_491' title='bbox 2041 2159 2160 2188; x_wconf 78' lang='lat' dir='ltr'>litteras</span> <span class='ocrx_word' id='word_1_492' title='bbox 2178 2159 2369 2198; x_wconf 77' lang='lat' dir='ltr'>inspecturis.</span> 
     </span>
     <span class='ocr_line' id='line_1_80' title="bbox 1361 2209 2375 2250; baseline 0.002 -10"><span class='ocrx_word' id='word_1_493' title='bbox 1361 2209 1606 2250; x_wconf 85' lang='lat' dir='ltr'>Indulgentiam</span> <span class='ocrx_word' id='word_1_494' title='bbox 1621 2210 1718 2240; x_wconf 88' lang='lat' dir='ltr'>unius</span> <span class='ocrx_word' id='word_1_495' title='bbox 1736 2210 1817 2240; x_wconf 89' lang='lat' dir='ltr'>anni</span> <span class='ocrx_word' id='word_1_496' title='bbox 1838 2213 1867 2240; x_wconf 87' lang='lat' dir='ltr'>et</span> <span class='ocrx_word' id='word_1_497' title='bbox 1892 2220 1930 2241; x_wconf 77' lang='lat' dir='ltr'>xi,</span> <span class='ocrx_word' id='word_1_498' title='bbox 1954 2211 2081 2241; x_wconf 88' lang='lat' dir='ltr'>dierum</span> <span class='ocrx_word' id='word_1_499' title='bbox 2102 2211 2247 2242; x_wconf 86' lang='lat' dir='ltr'>concedit</span> <span class='ocrx_word' id='word_1_500' title='bbox 2265 2210 2375 2242; x_wconf 87' lang='lat' dir='ltr'>omni-</span> 
     </span>
     <span class='ocr_line' id='line_1_81' title="bbox 1361 2263 2374 2304; baseline 0.001 -11"><span class='ocrx_word' id='word_1_501' title='bbox 1361 2263 1421 2293; x_wconf 87' lang='lat' dir='ltr'>bus</span> <span class='ocrx_word' id='word_1_502' title='bbox 1439 2271 1513 2293; x_wconf 89' lang='lat' dir='ltr'>vere</span> <span class='ocrx_word' id='word_1_503' title='bbox 1528 2263 1768 2302; x_wconf 80' lang='lat' dir='ltr'>poenitentibus</span> <span class='ocrx_word' id='word_1_504' title='bbox 1782 2268 1812 2294; x_wconf 85' lang='lat' dir='ltr'>et</span> <span class='ocrx_word' id='word_1_505' title='bbox 1827 2264 1982 2294; x_wconf 85' lang='lat' dir='ltr'>confessis</span> <span class='ocrx_word' id='word_1_506' title='bbox 1993 2264 2050 2304; x_wconf 86' lang='lat' dir='ltr'>qui</span> <span class='ocrx_word' id='word_1_507' title='bbox 2063 2264 2232 2295; x_wconf 87' lang='lat' dir='ltr'>ecclesiam</span> <span class='ocrx_word' id='word_1_508' title='bbox 2246 2269 2374 2296; x_wconf 57' lang='lat' dir='ltr'>monam,</span> 
     </span>
     <span class='ocr_line' id='line_1_82' title="bbox 1361 2316 2371 2356; baseline 0.003 -10"><span class='ocrx_word' id='word_1_509' title='bbox 1361 2317 1434 2346; x_wconf 89' lang='lat' dir='ltr'>terii</span> <span class='ocrx_word' id='word_1_510' title='bbox 1457 2316 1496 2346; x_wconf 89' lang='lat' dir='ltr'>de</span> <span class='ocrx_word' id='word_1_511' title='bbox 1521 2317 1666 2355; x_wconf 87' lang='lat' dir='ltr'>Merous,</span> <span class='ocrx_word' id='word_1_512' title='bbox 1691 2325 1746 2356; x_wconf 89' lang='lat' dir='ltr'>per</span> <span class='ocrx_word' id='word_1_513' title='bbox 1762 2317 1901 2356; x_wconf 87' lang='lat' dir='ltr'>priorem</span> <span class='ocrx_word' id='word_1_514' title='bbox 1921 2317 2008 2348; x_wconf 88' lang='lat' dir='ltr'>soliti</span> <span class='ocrx_word' id='word_1_515' title='bbox 2028 2318 2222 2356; x_wconf 87' lang='lat' dir='ltr'>gubernari,</span> <span class='ocrx_word' id='word_1_516' title='bbox 2246 2317 2371 2349; x_wconf 80' lang='lat' dir='ltr'>ordinis</span> 
     </span>
     <span class='ocr_line' id='line_1_83' title="bbox 1362 2370 2382 2409; baseline 0.001 -10"><span class='ocrx_word' id='word_1_517' title='bbox 1362 2370 1395 2400; x_wconf 88' lang='lat' dir='ltr'>S.</span> <span class='ocrx_word' id='word_1_518' title='bbox 1413 2370 1592 2407; x_wconf 87' lang='lat' dir='ltr'>Benedicti,</span> <span class='ocrx_word' id='word_1_519' title='bbox 1613 2370 1803 2401; x_wconf 85' lang='lat' dir='ltr'>Bisuntinae</span> <span class='ocrx_word' id='word_1_520' title='bbox 1819 2370 1973 2402; x_wconf 88' lang='lat' dir='ltr'>dioecesis</span> <span class='ocrx_word' id='word_1_521' title='bbox 1985 2394 1993 2409; x_wconf 89' lang='lat'>,</span> <span class='ocrx_word' id='word_1_522' title='bbox 2015 2371 2050 2401; x_wconf 89' lang='lat' dir='ltr'>in</span> <span class='ocrx_word' id='word_1_523' title='bbox 2071 2375 2256 2402; x_wconf 89' lang='lat' dir='ltr'>sanctorum</span> <span class='ocrx_word' id='word_1_524' title='bbox 2272 2371 2382 2403; x_wconf 51' lang='lat' dir='ltr'>Nioo‘s.</span> 
     </span>
     <span class='ocr_line' id='line_1_84' title="bbox 1360 2423 2379 2463; baseline 0.003 -10"><span class='ocrx_word' id='word_1_525' title='bbox 1360 2423 1404 2454; x_wconf 87' lang='lat' dir='ltr'>lai</span> <span class='ocrx_word' id='word_1_526' title='bbox 1422 2428 1453 2454; x_wconf 87' lang='lat' dir='ltr'>et</span> <span class='ocrx_word' id='word_1_527' title='bbox 1471 2423 1665 2462; x_wconf 86' lang='lat' dir='ltr'>Theobaldi,</span> <span class='ocrx_word' id='word_1_528' title='bbox 1689 2424 1722 2454; x_wconf 90' lang='lat' dir='ltr'>in</span> <span class='ocrx_word' id='word_1_529' title='bbox 1746 2433 1884 2463; x_wconf 88' lang='lat' dir='ltr'>quorum</span> <span class='ocrx_word' id='word_1_530' title='bbox 1901 2424 2056 2455; x_wconf 88' lang='lat' dir='ltr'>honorem</span> <span class='ocrx_word' id='word_1_531' title='bbox 2072 2425 2158 2456; x_wconf 88' lang='lat' dir='ltr'>dicta</span> <span class='ocrx_word' id='word_1_532' title='bbox 2178 2425 2310 2456; x_wconf 85' lang='lat' dir='ltr'>ecclesia</span> <span class='ocrx_word' id='word_1_533' title='bbox 2324 2427 2379 2460; x_wconf 65' lang='lat' dir='ltr'>est*</span> 
     </span>
     <span class='ocr_line' id='line_1_85' title="bbox 1361 2477 2380 2527; baseline 0.001 -19"><span class='ocrx_word' id='word_1_534' title='bbox 1361 2481 1554 2513; x_wconf 84' lang='lat' dir='ltr'>constructa,</span> <span class='ocrx_word' id='word_1_535' title='bbox 1574 2477 1814 2515; x_wconf 79' lang='lat' dir='ltr'>festivitatibuS,</span> <span class='ocrx_word' id='word_1_536' title='bbox 1830 2487 1886 2517; x_wconf 90' lang='lat' dir='ltr'>per</span> <span class='ocrx_word' id='word_1_537' title='bbox 1910 2483 1979 2509; x_wconf 88' lang='lat' dir='ltr'>octo</span> <span class='ocrx_word' id='word_1_538' title='bbox 1997 2478 2065 2508; x_wconf 91' lang='lat' dir='ltr'>dies</span> <span class='ocrx_word' id='word_1_539' title='bbox 2084 2478 2272 2510; x_wconf 81' lang='lat' dir='ltr'>festivitates</span> <span class='ocrx_word' id='word_1_540' title='bbox 2285 2479 2380 2527; x_wconf 50' lang='lat' dir='ltr'>ipsa-s¹⁴</span> 
     </span>
     <span class='ocr_line' id='line_1_86' title="bbox 1361 2530 2371 2570; baseline 0.001 -9"><span class='ocrx_word' id='word_1_541' title='bbox 1361 2530 1547 2564; x_wconf 87' lang='lat' dir='ltr'>immediate</span> <span class='ocrx_word' id='word_1_542' title='bbox 1565 2534 1744 2570; x_wconf 84' lang='lat' dir='ltr'>sequentes,</span> <span class='ocrx_word' id='word_1_543' title='bbox 1765 2535 1795 2561; x_wconf 89' lang='lat' dir='ltr'>et</span> <span class='ocrx_word' id='word_1_544' title='bbox 1808 2532 1842 2561; x_wconf 91' lang='lat' dir='ltr'>in</span> <span class='ocrx_word' id='word_1_545' title='bbox 1855 2531 2082 2562; x_wconf 85' lang='lat' dir='ltr'>anniversario</span> <span class='ocrx_word' id='word_1_546' title='bbox 2096 2531 2149 2562; x_wconf 86' lang='lat' dir='ltr'>die</span> <span class='ocrx_word' id='word_1_547' title='bbox 2161 2531 2371 2563; x_wconf 54' lang='lat' dir='ltr'>dedicationi&amp;</span> 
     </span>
     <span class='ocr_line' id='line_1_87' title="bbox 1361 2584 2089 2624; baseline 0.001 -10"><span class='ocrx_word' id='word_1_548' title='bbox 1361 2584 1506 2624; x_wconf 89' lang='lat' dir='ltr'>ejusdem</span> <span class='ocrx_word' id='word_1_549' title='bbox 1524 2584 1676 2614; x_wconf 88' lang='lat' dir='ltr'>ecclesiae</span> <span class='ocrx_word' id='word_1_550' title='bbox 1694 2584 1911 2616; x_wconf 89' lang='lat' dir='ltr'>visitaverint.</span> <span class='ocrx_word' id='word_1_551' title='bbox 2087 2619 2089 2621; x_wconf 26' lang='lat'><strong><em>¹</em></strong></span> 
     </span>
    </p>

    <p class='ocr_par' dir='ltr' id='par_1_24' title="bbox 1360 2636 2372 2727">
     <span class='ocr_line' id='line_1_88' title="bbox 1403 2636 2372 2677; baseline 0.002 -10"><span class='ocrx_word' id='word_1_552' title='bbox 1403 2650 1416 2664; x_wconf 82' lang='lat'>«</span> <span class='ocrx_word' id='word_1_553' title='bbox 1434 2637 1508 2668; x_wconf 85' lang='lat' dir='ltr'>Vite</span> <span class='ocrx_word' id='word_1_554' title='bbox 1524 2637 1675 2677; x_wconf 86' lang='lat' dir='ltr'>perennis</span> <span class='ocrx_word' id='word_1_555' title='bbox 1690 2636 1830 2676; x_wconf 85' lang='lat' dir='ltr'>gloria...</span> <span class='ocrx_word' id='word_1_556' title='bbox 1847 2654 1887 2660; x_wconf 93' lang='lat'><strong>—</strong></span> <span class='ocrx_word' id='word_1_557' title='bbox 1903 2638 1975 2668; x_wconf 89' lang='lat' dir='ltr'>Dat.</span> <span class='ocrx_word' id='word_1_558' title='bbox 1992 2637 2076 2677; x_wconf 88' lang='lat' dir='ltr'>apud</span> <span class='ocrx_word' id='word_1_559' title='bbox 2093 2638 2372 2676; x_wconf 58' lang='lat' dir='ltr'>Urbemveteremf</span> 
     </span>
     <span class='ocr_line' id='line_1_89' title="bbox 1360 2690 1939 2727; baseline -0.003 -6"><span class='ocrx_word' id='word_1_560' title='bbox 1360 2691 1470 2722; x_wconf 87' lang='lat' dir='ltr'>idibus</span> <span class='ocrx_word' id='word_1_561' title='bbox 1485 2690 1681 2727; x_wconf 86' lang='lat' dir='ltr'>decembris,</span> <span class='ocrx_word' id='word_1_562' title='bbox 1697 2699 1784 2722; x_wconf 91' lang='lat' dir='ltr'>auno</span> <span class='ocrx_word' id='word_1_563' title='bbox 1801 2691 1905 2722; x_wconf 87' lang='lat' dir='ltr'>tertio.</span> <span class='ocrx_word' id='word_1_564' title='bbox 1925 2703 1939 2719; x_wconf 83' lang='grc'>»</span> 
     </span>
    </p>

    <p class='ocr_par' dir='ltr' id='par_1_25' title="bbox 1358 2743 2382 2950">
     <span class='ocr_line' id='line_1_90' title="bbox 1401 2743 2378 2785; baseline 0.002 -11"><span class='ocrx_word' id='word_1_565' title='bbox 1401 2745 1439 2774; x_wconf 91' lang='lat' dir='ltr'>In</span> <span class='ocrx_word' id='word_1_566' title='bbox 1455 2753 1482 2775; x_wconf 89' lang='lat' dir='ltr'>e.</span> <span class='ocrx_word' id='word_1_567' title='bbox 1505 2753 1548 2774; x_wconf 89' lang='lat' dir='ltr'>m.</span> <span class='ocrx_word' id='word_1_568' title='bbox 1568 2743 1701 2774; x_wconf 88' lang='lat' dir='ltr'>eandem</span> <span class='ocrx_word' id='word_1_569' title='bbox 1726 2744 1966 2782; x_wconf 86' lang='lat' dir='ltr'>indulgentiam</span> <span class='ocrx_word' id='word_1_570' title='bbox 1981 2745 2129 2776; x_wconf 88' lang='lat' dir='ltr'>concedit</span> <span class='ocrx_word' id='word_1_571' title='bbox 2143 2745 2188 2776; x_wconf 88' lang='lat' dir='ltr'>eis</span> <span class='ocrx_word' id='word_1_572' title='bbox 2205 2745 2261 2785; x_wconf 90' lang='lat' dir='ltr'>qui</span> <span class='ocrx_word' id='word_1_573' title='bbox 2275 2744 2378 2782; x_wconf 55' lang='lat' dir='ltr'>certius?</span> 
     </span>
     <span class='ocr_line' id='line_1_91' title="bbox 1358 2794 2379 2838; baseline 0.002 -10"><span class='ocrx_word' id='word_1_574' title='bbox 1358 2799 1471 2829; x_wconf 87' lang='lat' dir='ltr'>diebus</span> <span class='ocrx_word' id='word_1_575' title='bbox 1496 2797 1662 2828; x_wconf 86' lang='lat' dir='ltr'>ecclesiam</span> <span class='ocrx_word' id='word_1_576' title='bbox 1681 2798 1797 2828; x_wconf 85' lang='lat' dir='ltr'>Beatae</span> <span class='ocrx_word' id='word_1_577' title='bbox 1817 2798 1938 2828; x_wconf 85' lang='lat' dir='ltr'>Mariae</span> <span class='ocrx_word' id='word_1_578' title='bbox 1963 2797 2172 2836; x_wconf 84' lang='lat' dir='ltr'>Magdalenae</span> <span class='ocrx_word' id='word_1_579' title='bbox 2190 2806 2286 2838; x_wconf 87' lang='lat' dir='ltr'>prope</span> <span class='ocrx_word' id='word_1_580' title='bbox 2303 2794 2379 2830; x_wconf 73' lang='lat' dir='ltr'><strong>R0-&#39;</strong></span> 
     </span>
     <span class='ocr_line' id='line_1_92' title="bbox 1358 2850 2382 2889; baseline 0 -7"><span class='ocrx_word' id='word_1_581' title='bbox 1358 2852 1606 2889; x_wconf 89' lang='lat' dir='ltr'>marimontem‚</span> <span class='ocrx_word' id='word_1_582' title='bbox 1630 2850 1793 2881; x_wconf 89' lang='lat' dir='ltr'>Tullensis</span> <span class='ocrx_word' id='word_1_583' title='bbox 1815 2850 1980 2887; x_wconf 87' lang='lat' dir='ltr'>dioecesis,</span> <span class='ocrx_word' id='word_1_584' title='bbox 2000 2851 2214 2882; x_wconf 87' lang='lat' dir='ltr'>visitaverint.</span> <span class='ocrx_word' id='word_1_585' title='bbox 2236 2851 2308 2882; x_wconf 82' lang='lat' dir='ltr'>Dat.</span> <span class='ocrx_word' id='word_1_586' title='bbox 2333 2852 2382 2882; x_wconf 55' lang='lat' dir='ltr'>ut&gt;</span> 
     </span>
     <span class='ocr_line' id='line_1_93' title="bbox 1359 2904 2382 2950; baseline -0.003 -15"><span class='ocrx_word' id='word_1_587' title='bbox 1359 2914 1465 2945; x_wconf 89' lang='lat' dir='ltr'>supra.</span> <span class='ocrx_word' id='word_1_588' title='bbox 1487 2906 1544 2942; x_wconf 78' lang='lat' dir='ltr'>(En</span> <span class='ocrx_word' id='word_1_589' title='bbox 1559 2904 1691 2943; x_wconf 61' lang='lat' dir='ltr'>maroe.)</span> <span class='ocrx_word' id='word_1_590' title='bbox 2380 2946 2382 2950; x_wconf 67' lang='lat'><strong><em>‚</em></strong></span> 
     </span>
    </p>

    <p class='ocr_par' dir='ltr' id='par_1_26' title="bbox 1359 2956 2383 3103">
     <span class='ocr_line' id='line_1_94' title="bbox 1399 2956 2383 2998; baseline -0.001 -9"><span class='ocrx_word' id='word_1_591' title='bbox 1399 2959 1437 2989; x_wconf 91' lang='lat' dir='ltr'>In</span> <span class='ocrx_word' id='word_1_592' title='bbox 1453 2968 1480 2989; x_wconf 86' lang='lat' dir='ltr'>e.</span> <span class='ocrx_word' id='word_1_593' title='bbox 1496 2968 1555 2996; x_wconf 89' lang='lat' dir='ltr'>m.,</span> <span class='ocrx_word' id='word_1_594' title='bbox 1572 2967 1628 2998; x_wconf 92' lang='lat' dir='ltr'>pro</span> <span class='ocrx_word' id='word_1_595' title='bbox 1643 2957 1763 2997; x_wconf 87' lang='lat' dir='ltr'>capella</span> <span class='ocrx_word' id='word_1_596' title='bbox 1776 2958 1923 2996; x_wconf 82' lang='lat' dir='ltr'>magistri</span> <span class='ocrx_word' id='word_1_597' title='bbox 1937 2962 1967 2988; x_wconf 89' lang='lat' dir='ltr'>et</span> <span class='ocrx_word' id='word_1_598' title='bbox 1982 2957 2116 2988; x_wconf 86' lang='lat' dir='ltr'>fratrum</span> <span class='ocrx_word' id='word_1_599' title='bbox 2131 2957 2297 2997; x_wconf 83' lang='lat' dir='ltr'>hospitalis</span> <span class='ocrx_word' id='word_1_600' title='bbox 2309 2956 2383 2988; x_wconf 73' lang='lat' dir='ltr'>(lo--</span> 
     </span>
     <span class='ocr_line' id='line_1_95' title="bbox 1359 3010 2379 3049; baseline -0.001 -6"><span class='ocrx_word' id='word_1_601' title='bbox 1359 3022 1431 3043; x_wconf 88' lang='lat' dir='ltr'>mus</span> <span class='ocrx_word' id='word_1_602' title='bbox 1446 3013 1505 3043; x_wconf 92' lang='lat' dir='ltr'>Dei</span> <span class='ocrx_word' id='word_1_603' title='bbox 1522 3013 1560 3042; x_wconf 88' lang='lat' dir='ltr'>de</span> <span class='ocrx_word' id='word_1_604' title='bbox 1577 3012 1831 3048; x_wconf 81' lang='lat' dir='ltr'>Romarimonte,</span> <span class='ocrx_word' id='word_1_605' title='bbox 1850 3011 2012 3042; x_wconf 88' lang='lat' dir='ltr'>Tullensis</span> <span class='ocrx_word' id='word_1_606' title='bbox 2027 3011 2196 3049; x_wconf 81' lang='lat' dir='ltr'>dioecesis,</span> <span class='ocrx_word' id='word_1_607' title='bbox 2213 3011 2249 3041; x_wconf 88' lang='lat' dir='ltr'>in</span> <span class='ocrx_word' id='word_1_608' title='bbox 2265 3010 2379 3045; x_wconf 14' lang='lat' dir='ltr'>hono-v..</span> 
     </span>
     <span class='ocr_line' id='line_1_96' title="bbox 1359 3063 2258 3103; baseline -0.002 -6"><span class='ocrx_word' id='word_1_609' title='bbox 1359 3076 1426 3097; x_wconf 90' lang='lat' dir='ltr'>rem</span> <span class='ocrx_word' id='word_1_610' title='bbox 1443 3066 1476 3097; x_wconf 88' lang='lat' dir='ltr'>S.</span> <span class='ocrx_word' id='word_1_611' title='bbox 1497 3065 1663 3096; x_wconf 88' lang='lat' dir='ltr'>Laurentii</span> <span class='ocrx_word' id='word_1_612' title='bbox 1680 3068 1871 3095; x_wconf 87' lang='lat' dir='ltr'>constructa.</span> <span class='ocrx_word' id='word_1_613' title='bbox 1891 3065 1961 3094; x_wconf 85' lang='lat' dir='ltr'>Dat.</span> <span class='ocrx_word' id='word_1_614' title='bbox 1983 3068 2017 3094; x_wconf 89' lang='lat' dir='ltr'>ut</span> <span class='ocrx_word' id='word_1_615' title='bbox 2032 3072 2137 3103; x_wconf 89' lang='lat' dir='ltr'>supra.</span> <span class='ocrx_word' id='word_1_616' title='bbox 2155 3063 2258 3103; x_wconf 84' lang='lat' dir='ltr'>(Ibid.)</span> 
     </span>
    </p>
   </div>
  </div>
 </body>
</html>
