2342 3652
938 374 1170 410 TROJSIEME
1191 377 1351 411 ANNEE.
2136 385 2198 415 593

134 449 172 477 In
192 457 221 478 e.
247 457 291 476 m.
318 471 337 477 ..
362 447 482 477 decano
504 452 535 477 et
558 447 696 486 capitulo
720 447 870 477 ecclesiae
895 446 1105 485 Trajectensis

94 501 226 531 mandat
244 504 279 530 ut
297 500 401 530 eidem
427 499 527 530 electo
550 500 689 530 debitam
711 500 924 530 obedientiam
948 499 1104 538 praebeat.

96 555 167 584 Dat.
186 558 221 583 ut
239 562 345 592 supra.

137 608 175 637 In
193 616 220 636 e.
239 615 283 635 m.
303 605 388 635 clero
404 605 543 635 civitatis
559 610 589 635 et
606 606 760 636 dioecesis
778 605 1001 644 Trajecteusis.

136 660 175 689 In
194 669 222 689 e.
244 668 288 688 m.
306 658 455 695 ballivis,
474 659 673 697 praepositis,
690 659 829 688 scabinis
849 663 878 688 et
898 657 1013 696 populo
1029 657 1107 687 civi-

98 713 171 743 tatis
190 717 220 742 et
234 711 389 742 dioecesis
406 712 631 750 Trajectensis.

138 766 177 796 In
196 775 224 795 e.
246 774 291 794 m.
309 765 469 794 universis
488 764 632 794 vassallis
648 765 799 795 ecclesiae
815 764 1037 803 Trajectensis.

139 819 178 848 In
199 828 226 848 e.
249 827 292 847 m.
318 841 337 848 ..
362 817 637 856 archiepiscopum
659 818 883 848 Coloniensem
907 819 1051 848 hortatur
1073 821 1107 847 ut

99 872 238 902 eundem
255 870 390 900 electum
407 870 512 900 favore
529 879 586 900 suo
602 876 821 910 prosequatur.

139 925 178 955 In
195 934 221 955 e.
243 934 285 954 m.
303 925 355 961 R„
374 932 482 961 regem
499 923 733 961 Romanorum,
751 924 904 954 hortatur.

140 991 155 1006 «
171 978 222 1008 Ad
237 977 410 1008 fovendum
426 977 501 1008 in...
517 994 554 999 -
568 978 640 1008 Dat.
658 982 814 1016 utsupra.
832 990 845 1004 »

168 1150 288 1178 411οἵ

133 1212 292 1240 Ecclesiam
323 1213 358 1239 de
387 1212 659 1239 Wimberskirchen
691 1212 817 1239 Gerar-do
843 1213 877 1239 de
906 1213 1104 1239 Lucemburch

98 1262 218 1289 confert.
236 1261 320 1292 (Rae.
338 1262 380 1292 45,
398 1270 424 1288 c.
441 1261 503 1296 656,
519 1261 538 1287 f.
560 1260 609 1288 13⁶2
624 1263 676 1294 νῦ.)

637 1148 763 1180 Orvieto,
783 1150 814 1176 13
826 1150 939 1184 janvier
955 1150 1033 1177 1291.

141 1387 162 1394 ..
180 1365 396 1394 archidiacono
413 1363 448 1392 cle
463 1363 628 1400 Lonyuyon
643 1363 678 1392 in
693 1363 813 1392 ecclesia
830 1363 1002 1393 Trerereoisi
1015 1372 1106 1392 man-

99 1417 153 1446 dat
168 1421 203 1447 ut
219 1425 238 1446 a
255 1416 397 1446 Gerardo
414 1416 453 1445 de
471 1415 709 1452 Lucemburch,
730 1416 933 1452 subdiacono,
953 1416 1106 1446 canonico

99 1470 252 1500 ecclesiae
273 1470 426 1499 Metensis
441 1492 449 1507 ,
467 1468 524 1507 qui
540 1468 707 1498 ecclesiam
727 1469 766 1498 de
784 1469 1102 1506 Wimberskirchen,

99 1523 134 1553 in
149 1523 411 1553 archidiaconatu
428 1522 467 1552 de
483 1523 676 1561 Longuyon,
694 1522 831 1552 detinuit
846 1531 904 1552 nec
920 1531 952 1552 se
967 1523 1000 1551 in
1018 1531 1104 1561 pres-

98 1577 248 1616 byterum
269 1576 450 1615 promoveri
474 1576 565 1612 fecit,
590 1579 714 1613 recepta
734 1575 830 1613 hujus
853 1575 1002 1605 ecclesiae
1025 1575 1106 1605 resi-

98 1630 263 1668 gnatione,
283 1638 353 1659 eam
369 1629 474 1659 eidem
490 1637 618 1668 prorsus
634 1629 787 1658 conferat,

140 1696 155 1711 «
178 1684 271 1713 Lecta
294 1691 400 1713 coram
423 1683 553 1714 nobis...
573 1699 614 1705 -
632 1683 704 1712 Dat.
725 1682 808 1720 apud
827 1682 1103 1719 Urbemveterem,

97 1737 204 1767 idibus
219 1736 373 1776 januarii,
391 1744 477 1766 anno
497 1735 598 1766 tertio.
620 1746 652 1762 »-

167 1909 286 1938 4008

134 1972 318 2003 Leobaldum,
336 1971 502 1998 monasterii
519 1971 616 1998 Sancti
632 1971 774 1997 Johannis
790 1971 817 1997 in
834 1970 947 1996 Venere
962 1970 1103 2001 abbatem,

100 2021 147 2054 B.,
159 2021 295 2057 episcopo
307 2021 488 2055 Penestrino,
501 2020 692 2047 commendat.
709 2020 789 2051 (ΗΕΘ.
798 2020 841 2053 45,
855 2027 880 2046 c.
889 2019 950 2050 657,
963 2019 982 2045 f.
992 2019 1040 2045 132
1053 2019 1103 2050 vo.)

636 1908 762 1939 Orvieto,
782 1908 810 1934 11
827 1908 1031 1942 Janvier1‘291.

143 2125 313 2154 Venerabili
330 2125 427 2160 fratri
440 2125 486 2160 B„
504 2126 637 2161 episcopo
654 2123 838 2160 Penestrino,
855 2123 1013 2161 apostolice
1028 2122 1105 2150 sezlis

98 2177 211 2215 leqaco,
234 2177 367 2213 mandat
387 2181 422 2207 ut
441 2177 549 2207 favore
572 2185 629 2207 suo
654 2180 863 2215 prosequatur
889 2174 1102 2210 Leobaldum,

96 2239 203 2270 quem,
221 2234 296 2260 tunc
308 2230 554 2260 Cluniacensem
570 2229 777 2266 monachum,
795 2228 979 2259 monasterii
996 2228 1103 2257 Sancti

97 2283 216 2322 Angeli
228 2284 262 2313 in
276 2283 399 2314 Formis
411 2292 505 2322 prope
516 2282 658 2322 Capuam
670 2283 895 2322 praepositum,
910 2281 1104 2311 monasterio

97 2337 207 2367 Sancti
221 2337 381 2367 Johannis
396 2337 431 2366 in
446 2337 584 2374 Venere,
600 2337 639 2366 ad
653 2345 820 2367 romanam
835 2335 1001 2366 ecclesiam
1015 2334 1103 2364 nullo

96 2391 202 2420 medio
217 2391 408 2429 pertinenti,
424 2390 548 2421 ordinis
567 2390 599 2421 S.
621 2390 804 2427 Benedicti,
825 2389 1001 2419 Theatinae
1018 2388 1102 2418 dioe-

95 2444 188 2480 cesis,
205 2453 285 2483 papa
300 2444 460 2483 praefecit.

141 2510 153 2524 α
169 2497 342 2527 Pastoralis
360 2497 455 2527 officii
477 2497 659 2527 debitum...
675 2513 716 2520 —
732 2497 805 2527 Dat.
821 2496 904 2535 apud
924 2495 1102 2525 Urbemve-

98 2555 207 2588 terem,
227 2560 261 2580 111
276 2551 349 2581 idus
361 2551 516 2589 januarii,
531 2558 618 2580 anno
635 2550 737 2581 tertio.
758 2562 771 2576 υ

167 2729 284 2759 4009

131 2791 257 2818 Thomae
273 2792 308 2818 de
319 2791 477 2826 Corbrighe
491 2791 634 2818 licentiam
647 2791 778 2818 concedit
790 2799 845 2816 non
857 2789 1001 2816 residendi
1013 2792 1103 2815 totum

97 2849 203 2868 annum
220 2840 247 2867 in
265 2841 372 2875 capella
388 2841 443 2875 ipsi
460 2841 570 2867 collata.
587 2840 670 2874 (Rea.
688 2840 730 2871 45,
748 2848 773 2866 c.
790 2839 852 2872 658,
869 2839 888 2865 f.
908 2838 956 2865 13²2
972 2839 1023 2871 v0.)

637 2728 765 2760 Orvieto,
784 2728 815 2754 1⁶2
826 2728 938 2763 janvier
954 2727 1031 2754 1291.

135 2943 280 2980 Mayiszro
303 2943 410 2972 Thorne
429 2944 462 2972 cle
484 2943 662 2980 Corbriqhe,
686 2943 830 2971 canonico
846 2942 1037 2971 Eboracensis
1059 2949 1104 2969 ec-

97 2995 191 3025 clesie.
207 2995 348 3025 Vacante
362 2995 483 3034 capella
495 3005 551 3025 sen
566 2995 708 3025 sacristia
721 2996 755 3024 in
772 2994 963 3025 Eboracensi
979 2994 1104 3023 civitate

97 3057 152 3087 per
176 3048 298 3079 obitum
322 3048 501 3079 Percevalli
525 3049 563 3078 de
588 3048 749 3085 Lavania,
770 3048 916 3086 germani
941 3046 1102 3086 quondam
1142 3081 1147 3090 Ι

238 3113 310 3140 Rae.
333 3114 455 3141 Nmonas
475 3114 528 3141 IV.

1189 446 1327 476 Adriani
1349 456 1461 486 papae,
1485 448 1568 486 apud
1594 448 1701 478 sedem
1726 448 1929 487 apostolicam
1955 450 2088 486 mortui,
2116 459 2194 489 papa

1189 499 1424 539 archiepiscopo
1440 501 1631 531 Eboracensi
1647 506 1830 539 potestatem
1848 502 1994 531 concedit
2008 503 2194 532 conferendi

1189 553 1384 590 praedictam
1401 554 1554 593 capellam
1573 564 1627 584 seu
1645 555 1820 584 sacristiam
1839 554 1935 584 alicui
1951 556 2018 585 viro
2036 556 2074 585 de
2094 564 2192 593 regno

1189 606 1327 643 Angliae
1346 607 1502 643 oriundo,
1522 609 1576 646 qui
1599 609 1631 636 111
1659 607 1832 645 theologica
1857 608 2003 638 facultate
2023 610 2193 646 magister,

1189 663 1243 689 aut
1262 660 1296 688 in
1316 660 1450 690 decretis
1468 661 1589 697 doctor,
1608 671 1662 691 seu
1684 662 1717 690 in
1734 662 1805 700 jure
1824 661 1910 691 civili
1928 662 2084 700 professor
2099 668 2192 692 esset.

1190 711 1272 741 Cum
1296 716 1401 742 autem
1427 713 1683 752 archiepiscopus
1704 714 1876 752 praefatam
1895 714 2046 752 capellam
2068 724 2123 744 seu
2145 724 2194 744 sa-

1190 765 1332 794 cristiam
1353 766 1498 795 Thomae
1521 767 1560 795 de
1580 766 1774 804 Corbrighe,
1796 766 1831 795 in
1850 766 2025 804 theologica
2048 768 2195 798 facultate

1190 818 1359 855 magistro,
1386 819 1619 856 assignaverit,
1648 819 1723 848 huic
1753 828 1828 858 papa
1854 820 1997 849 concedit
2028 825 2076 856 ut,
2107 821 2133 850 si
2160 821 2194 850 in

1189 870 1309 909 capella
1337 880 1392 901 sen
1419 871 1562 901 sacristia
1588 872 1763 910 praedicta,
1791 876 1843 901 aut
1868 873 1901 901 in
1928 872 2069 902 ecclesiis
2093 874 2132 902 ab
2158 882 2195 903 ea

1189 923 1458 962 dependentibus,
1477 934 1530 963 per
1546 926 1699 963 majorem
1716 925 1795 954 anni
1811 930 1942 963 partem,
1960 930 2014 955 aut
2029 926 2062 954 in
2080 926 2195 964 majori

1190 976 1323 1006 ecclesia
1346 977 1552 1013 Eboiacensi,
1579 979 1670 1015 cujus
1695 982 1742 1007 est
1765 978 1948 1014 0311001005,
1974 979 2123 1015 resideat,
2140 982 2196 1009 aut

1189 1029 1216 1058 si
1232 1034 1319 1059 extra
1339 1030 1501 1059 civitatem
1519 1030 1569 1059 vel
1585 1030 1755 1060 dioecesim
1774 1031 2021 1067 Eboracensem,
2039 1040 2093 1070 pro
2110 1031 2194 1069 ejus-

1189 1083 1260 1112 dem
1284 1083 1434 1113 ecclesiae
1458 1084 1506 1113 vel
1525 1084 1702 1122 praedictae
1720 1084 1858 1122 capellae
1876 1094 1929 1114 seu
1954 1085 2114 1114 sacristiae
2136 1094 2191 1115 ne-

1188 1136 1283 1173 gotiis
1306 1137 1412 1172 vadat,
1433 1137 1466 1165 in
1486 1137 1605 1176 capella
1625 1146 1679 1166 sen
1701 1137 1845 1167 sacristia
1867 1137 2026 1175 praedicta
2050 1137 2196 1168 residens

1188 1194 1363 1228 reputetur.

1231 1255 1243 1269 α
1268 1243 1361 1273 Lecta
1383 1252 1488 1274 corani
1512 1244 1641 1274 nobis...
1659 1260 1697 1267 -
1713 1244 1784 1273 Dat.
1808 1244 1891 1282 apud
1916 1243 2192 1280 Urbemveterem,

1190 1306 1211 1326 11
1228 1296 1300 1326 idus
1314 1297 1465 1335 januarii,
1483 1306 1568 1327 anno
1587 1297 1688 1326 tertio.
1713 1311 1723 1322 »ι

1258 1476 1318 1505 40
1326 1477 1345 1504 Ι
1353 1477 1482 1507 0-401
1493 1477 1512 1504 Ι

1222 1538 1263 1565 Ut
1277 1538 1402 1565 Thomae
1419 1538 1452 1564 de
1468 1538 1626 1572 Cor-brighe
1649 1537 1818 1564 cancellaria
1837 1537 1865 1563 in
1884 1536 2059 1563 Eboracensi
2074 1536 2196 1563 ecclesia

1188 1589 1365 1614 restituatur.
1383 1587 1466 1621 (Rae.
1484 1587 1532 1621 45,
1548 1595 1574 1613 c.
1591 1587 1658 1620 659,
1676 1587 1694 1614 f.
1717 1587 1765 1613 133
1781 1588 1827 1618 1·⁰.)

1725 1475 1853 1506 Orvieto,
1869 1475 1902 1501 ‘20
1915 1476 2029 1509 janvier
2045 1474 2122 1501 1291.

1234 1691 1401 1720 Venerabili
1418 1691 1513 1727 fratri
1531 1711 1551 1719 ..
1571 1690 1793 1727 archiepiscopo
1812 1690 1999 1718 Eboracensz'.
2017 1687 2098 1718 Cum
2115 1687 2196 1718 Ebo-

1186 1744 1327 1773 racensis
1340 1743 1610 1782 archiepiscopus,
1625 1747 1785 1781 praetextu
1796 1741 1974 1772 collationis
1985 1740 2124 1779 capellae
2138 1750 2194 1771 seu

1187 1797 1348 1827 sacristiae
1364 1796 1403 1826 de
1425 1805 1487 1835 qua
1508 1805 1602 1835 snpra
1618 1796 1733 1833 agitur,
1752 1795 1977 1825 cancellariam
1995 1803 2091 1832 quam
2106 1794 2195 1824 Tho-

1186 1859 1255 1879 mas
1275 1850 1314 1879 de
1336 1849 1514 1887 Corbrighe
1533 1849 1566 1878 in
1593 1848 1786 1878 Eboracensi
1811 1847 1944 1878 ecclesia
1959 1848 2122 1877 detinebat
2138 1846 2195 1877 alii

1187 1903 1390 1939 contulisset,
1414 1907 1587 1940 antequam
1616 1902 1755 1931 Thomas
1781 1901 2020 1940 possessionem
2050 1900 2195 1938 ejusdem

1187 1957 1324 1995 capellae
1337 1965 1392 1986 seu
1408 1956 1570 1985 sacristiae
1586 1955 1732 1991 haberet3
1750 1963 1888 1993 cumque
1903 1954 2041 1983 Thomas
2053 1954 2092 1983 ad
2105 1962 2194 1992 apos-

1187 2009 1312 2040 tolicam
1335 2010 1442 2039 sedem
1466 2009 1670 2048 appellasset,
1691 2013 1720 2038 et
1740 2017 1813 2037 eum
1833 2011 1960 2046 propter
1986 2007 2046 2037 hoc
2069 2015 2196 2037 excom-

1186 2063 1382 2093 municasset
1394 2063 1649 2101 archiepiscopus
1663 2073 1669 2098 ς
1688 2062 1763 2091 huic
1777 2060 1912 2090 mandat
1928 2069 2006 2099 papa
2022 2065 2056 2089 ut
2072 2068 2195 2089 excom-

1186 2117 1437 2146 municationem
1460 2115 1550 2145 illam
1575 2119 1718 2152 revocet,
1743 2119 1772 2144 et
1797 2114 1937 2143 Thomas
1968 2113 2194 2143 cancellariam

1187 2169 1286 2200 donec
1309 2169 1461 2208 capellam
1485 2178 1539 2198 seu
1567 2168 1746 2198 sacristiam
1763 2167 1939 2205 praefatam
1955 2167 2085 2205 pacifice
2107 2165 2192 2195 obti-

1187 2224 1292 2253 nuerit
1309 2223 1478 2261 possideat.

1228 2288 1241 2303 <r
1265 2276 1328 2306 Sua
1346 2276 1437 2306 nobis
1458 2275 1631 2305 dilectus...
1651 2290 1690 2297 —
1713 2275 1783 2303 Dat.
1809 2273 1893 2311 apud
1916 2273 2192 2309 Urbemveterem,

1185 2339 1240 2358 xm
1256 2329 1408 2358 kalendas
1424 2328 1586 2363 februarii,
1606 2336 1691 2357 anno
1711 2327 1812 2356 tertio.
1831 2338 1844 2353 x>

1227 2383 1264 2412 In
1288 2392 1314 2412 e.
1343 2391 1384 2411 m.
1408 2382 1552 2420 episcopo
1576 2380 1788 2411 Dunelmensi
1809 2383 1839 2409 et
1858 2378 2004 2409 ,Iohanni
2030 2377 2068 2407 de
2094 2378 2191 2414 Luco,

1185 2436 1339 2466 canonico
1349 2435 1578 2471 Londoniensi,
1592 2433 1722 2463 mandat
1731 2436 1775 2470 ut,
1786 2433 1812 2462 si
1823 2432 1926 2462 dictus
1935 2431 2193 2469 archiepiscopus

1185 2488 1371 2527 hujusmodi
1390 2487 1577 2517 mandatum
1594 2485 1769 2524 adimplere
1788 2484 1976 2522 neglexerit,
1998 2483 2191 2522 praedictam

1186 2542 1376 2571 sententiam
1402 2545 1551 2571 revocent
1577 2544 1607 2570 et
1629 2543 1807 2569 revocatam
1830 2537 2030 2568 denuntient.
2059 2537 2129 2565 Dat.
2158 2538 2193 2564 ut

1186 2603 1291 2634 supra.

1256 2774 1506 2803 4012-4012
1723 2770 1849 2799 Oi-viet0‚
1869 2770 1899 2796 17
1913 2769 2025 2803 janvier
2043 2768 2120 2795 1291.

1223 2837 1430 2872 Indulgentiae.
1450 2836 1532 2870 (Rea.
1550 2835 1593 2866 45,
1611 2843 1635 2861 c.
1652 2833 1713 2865 660,
1730 2833 1749 2860 f.
1768 2833 1816 2859 133
1833 2834 1880 2865 r0.)

1231 2941 1385 2970 Universts
1403 2939 1516 2967 Christi
1538 2937 1675 2975 fidelibus
1697 2940 1845 2974 presentes
1869 2934 1983 2963 litteras
1998 2933 2190 2970 inspecturis.

1189 2992 1429 3031 Indulgentiam
1442 2991 1543 3021 unius
1556 2989 1634 3020 anni
1649 2993 1679 3019 et
1691 2999 1728 3018 xa
1742 2988 1865 3017 dierum
1883 2985 2027 3017 concedit
2042 2984 2194 3015 omuibus

1189 3056 1263 3078 vere
1278 3045 1515 3086 poenitentibus
1531 3048 1561 3075 et
1577 3043 1731 3074 confessis
1747 3042 1802 3081 qui
1818 3040 1985 3071 ecclesiam
2002 3038 2091 3069 Beati
2106 3038 2192 3068 Petri

2018 3107 2050 3132 75
