2342 3652
929 377 1156 416 DEUXIEME
1178 375 1335 415 ANNE'E.

91 455 191 485 vicem
207 453 348 491 legitime
365 452 608 485 contraxissent,
627 461 662 480 ac
684 452 803 489 prolem
821 452 992 481 habitando
1008 452 1089 480 iusi-

91 507 156 538 mul
185 510 421 546 procreassent,
454 504 653 543 postmodum
689 509 806 537 tamen.
832 514 904 534 cum
930 505 1090 542 quondam

90 559 279 592 Guillelmns
295 558 332 587 de
352 557 579 586 Villafavarosa
595 579 603 592 ‚
622 556 722 586 laicus
738 557 880 595 ejusdem
899 557 1092 586 Parisiensis

90 613 239 647 diocesis,
258 611 334 640 falso
350 619 495 640 asserens
509 610 593 648 qnod
614 611 702 648 prius
716 619 811 648 qnam
830 610 913 639 idem
927 611 1092 639 Jolianues

91 675 161 697 cum
175 665 286 695 eadem
300 663 416 693 Blanca
429 662 669 692 matrimonium
683 662 814 691 duxerat
825 663 1090 697 conti-aliendu1ii‚

91 722 190 760 ipsam
206 727 300 756 super
315 717 384 753 lions,
404 715 537 755 petendo
553 725 620 744 eam
634 716 666 744 in
685 725 813 745 uxorem
828 716 885 745 sibi
903 716 1090 752 adjudicari,

91 781 191 804 coram
203 794 222 800 ..
235 769 359 800 officiali
378 769 560 804 l‘arisiensi,
573 778 634 798 non
653 778 687 797 ex
701 768 899 805 delegatione
910 769 1090 807 apostolica,

91 825 233 856 traxisset
259 825 289 852 in
316 832 461 859 causam,
480 822 564 851 idem
589 822 732 851 officialis
756 832 918 860 perperam
942 823 973 851 in
999 832 1094 851 cansa

90 880 156 919 ipsa
170 877 358 917 procedens.
382 881 490 906 contra
507 876 620 905 dictant
638 875 790 905 Blaucam
807 876 1009 905 diffinitivam
1025 886 1094 905 sen-

93 931 219 962 teutia‘m
239 930 453 969 promulgavit
472 930 635 967 iniquam,
655 939 673 957 a
693 938 755 967 qua
778 929 887 958 eadem
914 929 1032 958 Blanca
1055 929 1093 958 ad

91 985 305 1016 Senonensem
322 982 460 1017 curiam,
478 982 539 1010 loci
556 982 806 1019 metropolit-am,
825 986 854 1010 et
869 981 998 1010 demum
1016 982 1054 1010 ab
1072 1005 1090 1010 ..

91 1025 214 1068 officiali
232 1035 373 1074 ejusdem
390 1035 488 1070 curie,
510 1035 585 1073 quia
604 1040 714 1063 contra
728 1034 884 1072 justitiam
899 1035 1093 1064 sententiam

90 1089 286 1122 confirmavit
316 1088 468 1124 eandem,
502 1088 540 1116 ad
579 1087 686 1116 sedem
723 1087 928 1125 apostolicam
954 1087 1093 1126 appella-

90 1143 143 1173 vit.
172 1143 293 1172 Verum
326 1141 508 1179 hujusmodi
539 1140 749 1182 appellatione
767 1140 805 1169 ad
830 1140 964 1170 eandem
986 1141 1094 1170 sedem

90 1196 214 1231 emissa,
235 1195 267 1224 in
291 1195 383 1231 cujus
401 1195 620 1232 prosecutione
642 1194 715 1222 dicti
739 1194 903 1223 Johaunes
924 1198 954 1223 et
976 1194 1093 1223 Blanca

89 1249 271 1284 existebant,
289 1248 461 1286 pendente,
482 1247 629 1285 dictoque
641 1246 817 1276 Guillelmo
833 1247 937 1276 adbuc
955 1247 1091 1284 vivente,

89 1311 124 1334 ac
139 1301 237 1332 nobili
253 1301 372 1339 prefato
388 1300 515 1338 penitus
534 1300 714 1338 ignorante,
735 1300 817 1330 dicta
838 1300 957 1330 Blauca
975 1300 1012 1329 ad
1030 1309 1094 1330 mo-

88 1355 259 1386 nasterium
278 1354 392 1384 Sancte
416 1354 516 1383 Mai-ie
532 1354 569 1382 de
591 1353 696 1390 Lilio,
716 1354 934 1383 Cistercieusis
951 1354 1071 1383 ordinis
1084 1377 1092 1390 ‚

89 1407 279 1440 Senonensis
295 1407 440 1442 diocesis,
461 1407 588 1445 propria
608 1407 785 1436 temeritate
797 1416 828 1436 se
842 1408 1045 1443 transferens,
1060 1408 1092 1436 iu

90 1461 196 1493 eodem
214 1461 250 1491 de
271 1461 349 1490 facto
367 1465 473 1490 votum
490 1460 698 1499 professionis
717 1461 839 1496 emisit3
857 1461 974 1499 prefato
987 1466 1093 1490 autem

89 1516 259 1548 Guillelruo
277 1516 360 1545 viam
382 1516 531 1545 universe
546 1516 651 1546 carnis
665 1516 821 1553 ingresso,
837 1522 865 1545 et
879 1516 995 1545 deinde
1012 1517 1093 1546 dicto

87 1569 232 1601 Johaune
250 1569 350 1598 felicis
372 1569 602 1598 recordationis
623 1569 765 1598 Honorio
784 1578 860 1607 pape
878 1570 962 1603 IIII,
983 1570 1093 1608 prede-

88 1623 199 1653 cessori
221 1627 344 1659 nostro,
365 1621 537 1651 humiliter
561 1621 758 1660 supplicante
783 1626 814 1651 ut
837 1622 971 1651 eandem
997 1622 1093 1652 Blan-

88 1684 175 1713 cam,
201 1684 261 1705 non
287 1676 433 1705 obstante
462 1676 488 1704 si
517 1676 596 1713 ipsa,
625 1675 808 1713 hujusmodi
825 1675 1035 1713 app==tlatioue
1054 1676 1092 1705 ad

88 1728 200 1759 dictam
218 1727 324 1758 sedem
336 1728 504 1767 interjecta
513 1728 685 1766 pendente,
699 1732 807 1758 votum
822 1729 971 1758 emiserat
987 1738 1094 1767 supra-

89 1781 222 1817 dictum,
241 1781 325 1820 quod
340 1781 378 1810 ad
396 1781 534 1810 eundem
553 1781 691 1810 nobilem
710 1781 827 1811 rediret
842 1782 966 1820 sibique
982 1773 1049 1821 conj
1058 1792 1092 1812 u·

89 1835 173 1874 gales
195 1835 359 1865 exhiberet
379 1835 527 1870 aflectus,
548 1835 663 1865 faceret
680 1844 732 1874 per
756 1835 895 1874 aliquem
921 1836 1093 1866 discretum

89 1887 247 1927 compelli,
274 1887 376 1917 dictus
401 1888 603 1925 predecessor
627 1888 801 1917 venerabili
827 1888 914 1917 frati-i
941 1893 1046 1918 nostro
1071 1912 1091 1918 ..

89 1941 228 1980 episcopo
243 1940 378 1970 Dolensi
394 1941 464 1970 suis
481 1941 540 1970 sub
556 1950 592 1970 ea
608 1941 709 1970 fornia
725 1941 811 1970 dedit
824 1941 939 1970 litteris
955 1942 987 1971 in
1006 1951 1093 1971 man-

89 1993 167 2025 datis
183 1999 232 2032 ut,
252 1995 367 2024 vocatis
381 1994 442 2033 vqui
461 1994 595 2024 vocandi
615 2000 718 2024 essent
738 2000 767 2024 et
785 1995 904 2024 auditis
924 1995 999 2024 hinc
1019 1996 1093 2025 iude

87 2047 262 2088 propositis,
289 2047 372 2086 quod
401 2047 593 2077 canonicum
617 2048 707 2081 foret,
725 2048 935 2087 appellatione
959 2054 1091 2085 remota,

89 2105 243 2136 statueret,
260 2109 296 2130 ac
312 2101 427 2130 faceret
446 2101 530 2139 quod
549 2102 732 2131 decerneret
742 2111 796 2140 per
812 2111 981 2132 censuram
993 2102 1092 2132 eccle-

89 2153 243 2185 siasticam
272 2154 406 2184 firmiter
431 2155 601 2184 observari.
631 2155 769 2184 Demum
796 2164 870 2185 vero
900 2179 917 2185 ..
954 2156 1092 2185 decanus

94 2207 224 2238 ecclesie
240 2208 348 2238 Sancti
365 2207 518 2237 Germani
535 2208 798 2238 Altisiodorensis
820 2209 1021 2244 Parisiensis,
1041 2210 1091 2239 cui

89 2259 187 2291 dictus
202 2261 365 2300 episcopus
381 2270 476 2299 super
493 2261 552 2291 hoc
569 2262 773 2291 commiserat
796 2263 879 2292 vices
902 2272 992 2299 suas,
1014 2272 1090 2301 quo-

89 2313 173 2344 niam
190 2314 249 2344 sibi
269 2314 414 2344 constitit
436 2314 579 2352 legitime
602 2317 684 2353 quod
707 2315 826 2353 prefata
854 2316 987 2352 olant—a,
1016 2325 1090 2355 pen-

89 2366 179 2397 dente
203 2367 414 2406 appellatione
436 2368 593 2406 predicta,
618 2378 650 2398 se
672 2369 710 2397 ad
733 2369 909 2407 predictum
931 2375 1093 2399 monaste-

48 2454 50 2456 ,
88 2419 169 2450 rium
187 2420 388 2450 transtulerat
404 2425 434 2450 et
449 2425 556 2451 votum
573 2423 721 2451 emiserat
740 2422 969 2461 supradictum,
987 2423 1089 2452 eidem

89 2471 204 2503 Blauce
224 2474 361 2512 precepit
385 2478 417 2504 ut
442 2474 480 2503 ad
505 2475 691 2504 „Iohannem
718 2475 895 2513 predictum
920 2476 1036 2505 rediret
1062 2480 1091 2505 et

89 2526 267 2565 conjugales
281 2524 419 2557 'affectus
444 2527 548 2557 eidem
566 2528 715 2558 exhibere
731 2533 867 2558 curaret.
886 2529 967 2559 Cum
983 2534 1089 2558 autem

88 2577 183 2608 iidem
204 2579 370 2609 «Iohannes
393 2584 423 2609 et
447 2580 585 2617 Blanca,
612 2580 667 2619 qui
693 2580 790 2610 simul
816 2586 884 2620 post
908 2586 1089 2620 preceptum

89 2628 271 2670 hujusmodi
297 2632 499 2669 habitarunt,
529 2638 705 2663 asserentes
733 2643 765 2664 se
792 2634 934 2672 legitime
961 2630 1091 2673 probare

88 2687 207 2722 paratos
227 2685 312 2724 quod
343 2686 477 2724 predicti
494 2686 687 2716 Parisiensis
709 2691 738 2717 et
758 2687 953 2717 Senonensis
973 2689 1089 2718 officia-

88 2734 145 2774 les,
162 2737 248 2767 falsis
268 2739 509 2777 probationibus
525 2740 688 2778 productis
705 2749 722 2769 a
740 2746 826 2779 parte
843 2741 941 2770 altera
959 2741 1090 2770 circum-

89 2789 184 2826 venti,
201 2799 316 2829 easque
331 2791 437 2829 sicuti,
454 2791 492 2821 ad
509 2792 721 2830 prolationem
737 2794 876 2832 predicte
887 2796 1043 2823 sententie
1054 2803 1090 2824 ac

88 2841 184 2882 ipsius
208 2844 484 2875 confirmationem
513 2845 617 2874 taliter
644 2850 885 2884 processerunt,
910 2856 928 2876 a
953 2856 1088 2886 quorum

87 2896 280 2935 processibus
304 2906 360 2935 pro
386 2903 474 2936 parte
498 2898 640 2936 ipsorum
666 2898 827 2929 „Iohannis
853 2904 883 2929 et
909 2900 1024 2930 Blance
1051 2901 1088 2930 ad

89 2949 237 2986 prefatam
259 2951 366 2980 sedem
390 2951 492 2980 extitit
514 2951 728 2989 appellatum,
747 2957 780 2981 ut
806 2953 951 2991 superius
977 2958 1021 2983 est
1038 2964 1088 2984 ex-

88 3009 245 3040 pressum,
261 3003 336 3033 licet
348 3004 408 3042 ipsi
424 3004 613 3041 hujusmodi
628 3003 876 3042 appellationem
890 3006 1090 3044 interjectam

89 3053 128 3083 ab
147 3054 254 3085 eodem
272 3057 399 3086 officiali
420 3057 599 3087 Senonensi
618 3065 681 3086 uon
700 3057 822 3087 suerint
839 3059 1012 3096 prosecuti,
1033 3068 1090 3090 no-

225 3121 297 3149 Rae.
319 3121 441 3149 Niconis
461 3121 514 3150 IV.

2121 392 2173 422 193

1173 451 1222 480 bis
1242 452 1406 481 humiliter
1424 453 1641 491 supplicarunt
1663 459 1695 483 ut
1714 454 1847 483 discreto
1862 453 1959 483 alicui
1979 457 2174 486 committere

1173 504 1382 541 dignarentur
1406 506 1488 543 quod
1510 516 1561 535 eos
1581 507 1764 536 auctoritate
1794 511 1899 536 nostra
1924 507 1961 535 ad
1984 508 2016 536 id
2040 510 2173 546 proban-

1174 556 1250 585 dum
1279 558 1459 593 admittant,
1488 564 1518 587 et
1549 564 1713 597 postquam
1739 560 1923 598 hujusmodi
1947 564 2175 591 circumventio

1174 608 1316 646 legitimo
1335 612 1458 647 probata
1477 612 1569 641 suerit
1591 622 1696 641 voram
1710 622 1757 649 eo,
1779 613 1931 651 predictos
1947 623 2119 651 processus,
2138 625 2176 645 ne

1174 663 1337 692 occasione
1357 664 1497 702 ipsorum
1518 665 1607 694 dictis
1626 666 1769 694 Juliauni
1790 671 1820 694 et
1848 666 1964 695 Blance
1983 667 2101 705 aliquid
2121 668 2175 697 de-

1177 716 1338 745 tractionis
1358 717 1405 745 vel
1421 718 1498 755 proli
1519 727 1626 747 eornm
1646 718 1769 747 macula
1786 718 2022 755 illegitimitatis
2039 720 2175 758 impingi

1175 770 1287 806 possit,
1308 770 1433 798 irritare
1460 775 1620 807 procuret,
1640 771 1829 800 fraternitati
1856 776 1905 800 tue
1930 782 1981 810 per
2008 773 2175 810 apostolica

1176 822 1291 859 scripta
1306 823 1496 851 mandamus
1512 827 1683 860 quatenus,
1700 825 1812 853 vocatis
1827 825 1880 862 <tini
1896 825 2013 853 suerint
2025 827 2176 856 evocandi

1175 879 1203 903 et
1229 875 1345 903 auditis
1371 875 1536 903 hincinde
1554 876 1736 913 propositis,
1758 877 1839 913 qnod
1857 878 2043 906 ‹auouicum
2063 879 2174 915 tuerit,

1175 927 1385 965 appellatione
1408 932 1542 964 remota,
1567 928 1732 963 ‹lecet-nas,
1752 929 1871 957 iaciens
1893 931 1975 967 quod
1999 931 2176 960 decreveris

1175 989 1230 1018 per
1259 989 1428 1009 censuram
1463 981 1706 1010 ecclesiastic-ani
1746 981 1879 1010 firmiter
1905 983 2074 1012 observari.
2108 984 2174 1014 Dat.

1177 1034 1298 1070 Rome,
1325 1034 1408 1071 apud
1434 1034 1580 1063 Sanctam
1612 1034 1743 1062 Mariam
1774 1034 1944 1072 Major-em,
1978 1045 1997 1063 11
2025 1035 2177 1065 kalendas

1175 1088 1301 1126 aprilis,
1319 1096 1404 1117 anno
1421 1087 1570 1117 secundo.
1595 1100 1606 1113 »

1247 1260 1331 1288 882

1212 1321 1360 1356 Hospitale
1376 1322 1410 1347 de
1427 1321 1561 1347 Boadone
1579 1322 1710 1355 hospitali
1723 1321 1756 1347 dc
1771 1321 1837 1347 Atto
1848 1321 2083 1356 Bracojungitur.
2097 1322 2176 1354 (tite.

1177 1372 1223 1404 44,
1241 1379 1266 1397 c.
1288 1372 1351 1401 173,
1370 1371 1388 1396 f.
1410 1371 1457 1397 146
1473 1378 1515 1401 r⁰;
1534 1370 1599 1396 Lai).
1618 1379 1652 1397 ou
1667 1370 1764 1400 Tam,
1778 1370 1822 1403 ΙΙ,
1841 1371 1894 1402 So.)

1519 1259 1877 1293 Sainte-Maric-Majeure‚
1895 1259 1927 1286 ‘2²3
1944 1261 2012 1286 avril
2033 1261 2097 1287 128¹.)

1218 1475 1336 1502 Dilectis
1360 1474 1434 1509 filiis

1176 1528 1287 1563 Braca,
1307 1528 1425 1556 ordinis
1447 1527 1477 1555 S.
1495 1527 1676 1563 Αιιῃιιειίηιῖ,
1696 1527 1892 1554 Rlizttmiensis
1915 1527 2046 1556 diocesis,
2076 1525 2177 1555 Unio-

1463 1496 1482 1503 ..
1512 1474 1610 1501 donno
1638 1479 1662 1499 1¹1.
1689 1474 1839 1508 fratribus
1866 1474 2022 1509 hospitatis
2051 1474 2084 1501 de
2114 1474 2178 1502 ,ilco

1176 1589 1249 1610 nem
1269 1579 1434 1617 hospitalis
1452 1588 1626 1617 pauperum
1645 1579 1682 1607 de
1700 1578 1848 1607 Boadone
1863 1601 1870 1613 ,
1888 1587 1958 1607 cum
1979 1578 2127 1616 hospitali
2141 1578 2179 1607 de

1175 1633 1249 1662 Alto
1275 1633 1387 1669 Erat-0,
1413 1642 1466 1670 per
1492 1632 1542 1667 it,
1562 1631 1804 1661 Rutlienenseni
1824 1632 2022 1669 episcopum,
2047 1631 2176 1668 capituli

1176 1685 1393 1715 Ruthenensis
1412 1685 1561 1714 ecclesiae
1577 1684 1616 1713 ad
1634 1684 1666 1712 id
1681 1686 1850 1713 accedente
1867 1692 2035 1719 consensu,
2051 1684 2175 1719 iactam,

1174 1740 1351 1770 confirmat.

1217 1805 1229 1819 α
1254 1792 1334 1822 Cum
1353 1801 1370 1821 a
1394 1791 1521 1821 nobis...
1544 1808 1580 1812 -
1603 1792 1672 1820 Dat.
1696 1791 1812 1824 Rome,
1832 1790 1914 1828 apud
1939 1789 2087 1819 Sanctam
2111 1790 2176 1818 Ma-

1174 1847 1256 1876 riam
1276 1846 1429 1884 Majorem
1443 1868 1450 1881 ‚
1468 1855 1486 1874 x
1505 1845 1656 1874 kalendas
1674 1845 1749 1873 maii
1765 1868 1770 1879 ‚
1789 1852 1874 1873 anno
1891 1847 2013 1882 quarto.
2032 1856 2043 1869 ιι

1545 2029 1907 2063 Sainte-Marie-Majeure,
1927 2029 1941 2055 5
1958 2029 2012 2054 mai
2033 2028 2106 2054 1289.

1246 2033 1333 2061 888

1210 2094 1418 2128 Indulgentiae.
1436 2093 1520 2126 (ΗΕΘ,
1539 2093 1588 2122 44,
1605 2101 1629 2119 c.
1652 2093 1712 2122 174,
1730 2092 1748 2117 f.
1770 2091 1815 2118 14ss
1831 2093 1882 2123 vo.)

1217 2197 1368 2225 Universz's
1392 2200 1541 2233 presentes
1570 2195 1684 2223 litteras
1717 2194 1908 2231 inspecturis.
1940 2191 2177 2228 Indulgentiam

1173 2250 1270 2280 unius
1282 2250 1361 2278 anni
1377 2253 1406 2278 et
1420 2248 1595 2287 quadi-agiu
1603 2252 1631 2276 ta
1644 2247 1767 2276 dierum
1783 2246 1926 2276 concedit
1941 2245 2091 2275 omuibus
2106 2252 2178 2273 vere

1173 2302 1407 2342 poenitentibus
1423 2306 1453 2331 et
1465 2300 1617 2330 confessis
1630 2301 1683 2338 qui
1701 2299 1867 2329 ecclesiam
1883 2298 1990 2328 Sancti
2004 2296 2176 2327 Salvatoris

1173 2356 1211 2385 de
1231 2355 1357 2385 Subura
1376 2355 1414 2384 de
1438 2354 1524 2384 Urbe
1546 2354 1640 2383 aunis
1666 2352 1802 2390 singulis
1824 2353 1857 2381 in
1882 2351 2102 2380 anniversario
2127 2349 2176 2378 die

1173 2408 1382 2439 dedicationis
1398 2407 1540 2446 eJusdem
1558 2406 1765 2445 visitaverint.

1214 2475 1226 2489 «
1255 2462 1325 2491 Vite
1345 2460 1524 2500 perempnis
1541 2459 1680 2497 gloria...
1698 2475 1736 2480 —
1753 2459 1823 2487 Dat.
1844 2458 1960 2493 Rome,
1980 2456 2062 2495 apud
2080 2456 2175 2485 Sanc-

1174 2521 1237 2546 tam
1255 2515 1390 2544 Mariam
1408 2514 1572 2551 Maiorem,
1592 2522 1624 2542 111
1643 2521 1741 2542 nonas
1759 2511 1846 2545 maii,
1864 2519 1949 2540 anno
1967 2509 2120 2554 secundo.
2141 2520 2154 2535 »

1241 2686 1327 2714 889
1513 2682 1870 2717 Sainte-Marie-Majeure,
1889 2682 1920 2707 ‘32
1938 2681 2006 2707 avril
2025 2680 2103 2707 1289.

1207 2749 1249 2775 De
1266 2748 1363 2782 regula
1378 2747 1511 2782 hospitali
1528 2747 1561 2772 de
1576 2746 1641 2772 Alto
1660 2745 1747 2771 ssraco
1760 2752 1897 2770 concessa
1910 2743 1991 2776 (Rrec.
2005 2743 2035 2769 44
2046 2764 2053 2776 ,
2070 2750 2094 2768 c.
2110 2742 2173 2773 175,

1171 2799 1190 2825 f.
1209 2798 1258 2824 146
1276 2804 1316 2828 v⁰;
1335 2796 1401 2823 Lai).
1419 2805 1454 2822 nu
1469 2795 1576 2825 Tuan„
1594 2794 1642 2828 ΙΙ.)

1214 2923 1233 2930 ..
1257 2880 1355 2929 donno
1376 2902 1401 2926 et
1424 2897 1573 2934 fratribus
1597 2895 1756 2932 hospitalis
1781 2894 1814 2921 ste
1835 2894 1900 2922 Atto
1929 2893 2036 2927 Brctco,
2059 2892 2176 2921 ordinis

1171 2954 1201 2984 S.
1212 2953 1386 2990 Augustini,
1402 2950 1598 2980 Ruthenensis
1614 2949 1745 2977 diocesis.
1763 2947 1934 2984 Postquam
1947 2946 2047 2975 bonae
2059 2952 2174 2974 memo-

1172 3007 1238 3036 riae
1255 3006 1304 3041 P„
1323 3001 1541 3033 Rutlienensis
1553 3001 1727 3039 episcopus,
1744 2999 1913 3038 praedictis
1929 2998 2090 3032 fratribus,
2104 3001 2176 3025 tunc

1172 3058 1257 3089 nulli
1275 3055 1415 3094 regulari
1431 3054 1537 3084 ordini
1553 3053 1699 3085 astrictis,
1718 3053 1749 3080 in
1767 3051 1905 3089 praefato
1922 3049 2069 3088 hospitali
2086 3057 2175 3086 regu-

1986 3116 2017 3142 225
