2342 3652
876 339 1103 380 DEUXmME
1124 339 1282 380 ΑΝΝΕΕ.
2069 357 2124 387 157

37 419 66 445 et
83 414 153 444 aliis
170 414 426 452 quibuscumque
445 414 704 451 gravaminibus,
724 415 855 452 injuriis
872 418 901 444 et
918 414 1034 444 moles-

35 468 85 498 tiis
100 466 229 497 ecclesie
246 471 275 495 et
292 466 421 505 capituli
438 467 670 505 predictorum,
690 476 745 505 pro
762 467 870 497 divina
887 471 917 496 et
933 466 1034 506 ipsius

34 520 115 551 sedis
140 529 175 550 ac
199 524 305 549 nostra
333 521 510 550 reverentia
537 521 680 559 regiique
697 520 826 550 honoris
846 525 1032 558 augmento,

34 581 157 614 prorsus
171 572 334 608 abstineat,
350 577 380 602 et
391 573 542 603 officiales
554 582 590 603 ac
601 573 793 611 justitiarios
808 582 881 603 suos
897 573 1033 611 predicti

33 627 197 657 comitatus
213 630 243 655 et
258 625 335 655 alios
357 626 467 663 faciat,
491 626 614 656 sublato
635 626 829 656 difficultatis
852 625 1032 662 obstaculo,

33 679 156 719 penitus
171 678 349 715 abstinere,
367 679 444 717 quin
461 679 560 708 immo
575 679 710 717 prefatos
725 678 891 708 ecclesiam
907 682 937 707 et
952 679 1033 717 capi-

35 731 134 762 tulum
149 739 220 760 cum
237 731 329 760 bonis
345 736 375 760 et
386 732 516 770 juribus
533 731 598 761 suis
613 731 763 761 omnibus
780 731 902 761 habens
918 732 1033 761 affectu

33 783 195 816 favorabili
218 784 466 821 commendatos,
492 785 625 822 ejusque
647 784 748 820 bona,
767 784 941 820 libertates,
958 792 1033 813 con-

0 858 1 862 «
33 837 226 875 suetudines,
238 837 489 875 jurisdictiones,
505 837 674 876 privilegia
687 841 717 866 et
728 837 803 875 jura
817 837 956 875 benigne
967 846 1035 876 pro-

0 891 1 922 l
32 897 138 930 tegens
167 894 196 920 et
225 899 418 920 conservans
429 914 436 927 ,
466 891 623 928 predictos
651 890 843 928 justitiarios
876 891 911 920 in
942 892 1034 920 terris

31 943 158 975 ecclesie
175 947 205 973 et
222 943 352 982 capituli
368 943 582 981 predictorum
598 952 652 981 per
668 943 819 973 officiales
835 943 935 982 ipsos,
954 944 1036 974 sicut

31 994 235 1035 premittitur,
260 995 438 1031 institutos,
463 1003 498 1024 ac
522 995 618 1025 etiam
640 996 814 1025 servientes
840 995 874 1024 in
891 996 1034 1034 grangiis

31 1047 189 1088 deputatos
206 1047 326 1077 eisdem
341 1047 434 1077 faciat
451 1048 646 1086 quamtotius
666 1048 826 1084 amoveri,
852 1057 888 1078 ac
910 1048 949 1078 de
971 1048 1032 1078 hu-

26 1100 164 1141 jusmodi
190 1101 347 1139 dampnis,
373 1100 614 1139 gravaminibus
634 1105 664 1130 et
688 1101 820 1140 injuriis
849 1101 982 1132 ecclesie
1005 1106 1035 1131 et

30 1153 162 1194 capitulo
177 1153 364 1191 supradictis
379 1153 476 1183 illatis
488 1153 616 1192 plenam
630 1154 676 1184 eis
693 1159 722 1184 et
740 1154 878 1184 celerem
895 1155 1035 1185 satisfac-

31 1207 147 1237 tionem
172 1206 332 1245 impendi,
360 1207 405 1236 sic
426 1215 459 1236 se
484 1206 519 1235 in
545 1206 610 1236 hiis
636 1207 777 1245 benigne
799 1206 976 1237 clementer
1005 1212 1035 1238 et

30 1261 193 1291 efficaciter
216 1259 400 1296 habiturus,
429 1264 463 1289 ut
487 1259 600 1290 exinde
624 1260 709 1299 apud
733 1261 835 1290 eterni
862 1261 945 1299 regis
970 1261 1034 1291 cle-

29 1313 193 1350 mentiam,
209 1322 264 1352 per
279 1322 374 1352 quem
389 1313 548 1351 regalibus
563 1318 723 1344 corruscat
738 1314 902 1352 insigniis,
915 1319 1034 1345 crescat

29 1367 154 1398 cumulo
178 1366 376 1403 meritorum,
404 1367 529 1405 sibique
554 1367 590 1396 in
614 1368 759 1405 gentium
784 1368 910 1406 populis
928 1368 1034 1398 laudis

28 1421 210 1460 preconium
232 1425 401 1458 augeatur,
426 1429 460 1450 ac
486 1429 558 1457 nos,
577 1422 633 1460 qui
659 1421 764 1451 eidem
781 1421 912 1452 ecclesie
939 1431 1034 1461 super

31 1473 213 1513 hujusmodi
237 1474 493 1511 gravaminibus,
511 1474 671 1512 angustiis
693 1479 724 1504 et
741 1475 899 1513 pressuris
917 1476 1034 1505 affectu

32 1529 158 1566 paterno
175 1526 397 1565 compatimur,
419 1526 620 1557 devotionem
638 1528 771 1565 regiam,
798 1537 895 1566 quam
921 1529 955 1557 in
975 1528 1033 1558 hac

31 1583 115 1618 parte
131 1583 306 1618 promptam
317 1601 326 1616 ,
343 1579 503 1609 efficacem
519 1584 549 1609 et
562 1579 689 1610 facilem
705 1581 853 1624 cupimus
871 1581 1032 1618 inveniri,

32 1631 136 1670 dignis
153 1632 188 1661 in
208 1631 343 1662 Domino
363 1631 511 1662 laudibus
529 1632 723 1663 attollamus.
743 1634 898 1669 Quocirca
919 1634 1033 1664 frater-

32 1685 120 1716 nitati
136 1690 239 1716 vestre
255 1695 310 1725 per
326 1686 495 1725 apostolica
517 1687 632 1725 scripta
650 1687 685 1716 iu
708 1687 826 1717 virtute
850 1688 1033 1718 obedientie

31 1739 168 1769 districte
190 1739 391 1778 precipiendo
414 1739 605 1769 mandamus
626 1744 784 1779 quatenus
804 1749 859 1771 vos
882 1741 931 1770 vel
953 1740 1034 1770 alter

33 1796 184 1830 vestrum,
211 1801 265 1831 pro
284 1797 391 1822 nostra
409 1797 438 1823 et
461 1793 633 1831 apostolice
654 1794 737 1823 sedis
755 1795 948 1832 reverentia,
970 1795 1033 1824 hu-

29 1845 167 1884 jusmodi
185 1846 347 1884 negotium
361 1869 368 1883 ,
386 1846 470 1884 quod
489 1846 653 1885 potissime
671 1847 788 1877 insidet
806 1848 891 1877 cordi
909 1851 1032 1885 nostro,

32 1899 180 1938 promptis
197 1899 314 1928 animis
332 1904 548 1936 assumentes,
569 1909 624 1939 per
642 1909 697 1931 vos
715 1900 765 1930 vel
783 1910 839 1939 per
857 1901 959 1931 alium
977 1910 1032 1931 seu

30 1951 117 1989 alios,
134 1952 317 1982 auctoritate
334 1957 452 1990 nostra,
469 1953 607 1992 capitulo
621 1958 651 1984 et
662 1954 793 1984 ecclesie
802 1955 986 1985 memoratis
995 1955 1033 1985 de

31 1997 175 2044 predictis
186 2005 333 2044 dampnis
346 2007 588 2044 gravaminibus
605 2011 635 2037 et
648 2008 779 2046 injuriis
795 2008 923 2046 plenam
939 2009 1031 2039 satis-

0 2074 4 2077 -
32 2057 196 2090 factionem
213 2059 366 2099 impendi,
383 2064 413 2089 et
427 2060 466 2090 ab
480 2060 546 2090 hiis
558 2070 594 2090 ac
610 2061 784 2097 similibus,
800 2066 864 2091 tam
876 2071 893 2091 a
904 2062 1032 2101 prefatis

31 2108 156 2147 balivis,
170 2111 353 2148 justitiariis
376 2116 406 2141 et
427 2112 615 2142 officialibus
638 2121 734 2151 quam
751 2113 849 2142 etiam
865 2113 937 2142 aliis
959 2114 1032 2152 qui-

31 2162 235 2202 buscumque,
250 2164 288 2194 de
299 2169 405 2194 cetero
415 2165 542 2203 penitus
558 2166 723 2203 abstineri,
740 2170 780 2202 et,
799 2167 894 2205 siqua
904 2167 1032 2196 sunteis

30 2224 83 2254 per
92 2217 259 2255 jamdictos
272 2217 392 2248 balivos
403 2218 612 2257 ,justitiarios
626 2223 656 2249 et
671 2220 821 2250 officiales
834 2220 938 2250 ablata
954 2228 1032 2259 quo-

30 2269 199 2300 modolibet
211 2270 260 2300 vel
273 2271 443 2308 subtracta,
458 2272 582 2310 integre
595 2273 720 2302 restitui
731 2273 864 2310 faciatis,
874 2274 912 2303 de
925 2273 1032 2312 plano,

30 2321 97 2351 sine
117 2323 248 2361 strepitu
269 2328 298 2353 et
319 2324 420 2362 figura
435 2324 550 2364 judicii
572 2326 761 2364 processuri.
779 2326 1033 2356 Contradictores

32 2379 60 2403 et
74 2374 207 2405 rebelles
218 2386 272 2415 per
284 2386 454 2408 censuram
464 2378 941 2418 ecclesiasticam,appellatione
954 2385 1034 2418 post-

31 2427 138 2465 posita,
157 2430 394 2468 compescendo.
415 2431 488 2461 Non
510 2432 709 2462 obstantibus
726 2433 752 2462 si
769 2433 874 2463 eidem
899 2433 968 2471 regi
985 2433 1034 2464 vel

33 2478 188 2519 aliquibus
220 2482 303 2519 aliis,
326 2484 559 2523 cujuscumque
588 2486 820 2524 preminentia,
849 2487 1032 2524 dignitatis,

31 2533 219 2565 conditionis
234 2541 288 2565 aut
305 2540 404 2566 status
421 2537 575 2576 existant,
593 2539 676 2577 quod
692 2540 963 2570 excommunicari
979 2545 1034 2570 aut

33 2594 138 2616 eorum
157 2591 238 2618 terre
257 2589 471 2620 ecclesiastico
488 2591 658 2622 interdicto
676 2594 811 2632 supponi
831 2601 893 2623 uon
912 2593 1034 2632 possint

32 2647 84 2676 per
97 2639 217 2670 litteras
233 2641 316 2671 dicte
332 2642 426 2678 sedis,
445 2652 506 2681 que
521 2643 559 2674 de
571 2644 697 2675 indulto
706 2645 892 2684 hujusmodi
907 2650 1033 2684 totoque

31 2690 128 2730 ipsius
142 2695 249 2724 tenore
262 2703 298 2724 ac
311 2695 349 2725 de
364 2696 459 2726 verbo
469 2696 509 2726 ad
522 2697 655 2727 verbum
667 2698 795 2737 plenam
809 2703 838 2729 et
852 2708 1033 2738 expressam

33 2751 94 2774 non
115 2745 248 2776 fecerint
271 2749 485 2786 mentionem,
505 2758 561 2779 seu
587 2751 756 2789 quibusvis
779 2752 958 2791 privilegiis
983 2752 1034 2783 vel

35 2795 252 2836 indulgentiis,
272 2801 527 2840 quibuscumque
536 2805 681 2841 personis
697 2804 749 2835 vel
758 2805 836 2835 locis
847 2806 906 2836 sub
922 2806 1033 2844 quavis

36 2849 132 2880 forma
155 2851 323 2882 verborum
349 2855 518 2891 concessis,
542 2855 580 2885 de
604 2856 721 2894 quibus
742 2867 943 2898 quorumque
961 2860 1033 2890 totis

36 2903 193 2934 tenoribus
207 2905 242 2934 in
255 2906 370 2935 nostris
386 2906 502 2936 litteris
514 2908 630 2938 similis
641 2911 761 2941 mentio
777 2912 816 2941 sit
828 2912 985 2950 habenda,
1004 2917 1034 2943 et

36 2963 88 2993 per
103 2965 164 2995 que
185 2958 313 2988 effectus
328 2961 526 2998 presentium
546 2962 697 3001 impediri
716 2964 818 2994 valeat
833 2966 1032 3004 quomodoli-

36 3007 87 3038 bet
101 3009 150 3039 vel
165 3010 297 3041 differri.
316 3012 476 3043 Nolumus
491 3018 598 3044 autem
613 3015 697 3054 quod
712 3025 767 3055 per
782 3017 966 3057 hujusmodi
980 3019 1031 3049 lit-

1117 418 1199 444 teras
1221 420 1331 446 contra
1355 417 1489 455 predicti
1515 418 1600 456 regis
1628 419 1677 448 vel
1702 420 1771 458 eJus
1794 420 1950 449 consortis
1974 430 2124 459 personas

1118 475 1173 496 seu
1199 468 1353 506 capellam
1375 471 1496 508 regiam
1523 471 1558 500 in
1583 471 1691 511 aliquo
1704 473 1888 511 procedatis.
1915 474 1987 503 Dat.
2010 475 2121 511 Rome,

1117 520 1200 558 apud
1217 521 1367 552 Sanctam
1388 523 1524 553 Mariam
1544 525 1716 563 Majorem,
1737 535 1803 555 xnn
1822 525 1975 556 kalendas
1990 527 2101 566 aprilis
2115 552 2122 565 ,

1117 582 1203 604 anno
1222 576 1372 606 secundo.
1394 588 1406 603 ι)

1191 748 1275 776 ’23³2

1155 807 1197 834 De
1213 808 1313 835 eodem
1331 811 1457 844 negotio.
1475 811 1558 843 (Rm.
1576 813 1619 843 44,
1638 821 1663 839 c.
1681 813 1724 847 62,
1742 814 1760 841 f.
1779 815 1828 842 126
1845 817 1893 848 ro.)

1456 749 1811 785 Sainte-Marie-Majeure,
1832 753 1864 779 19
1880 761 1956 780 mars
1975 754 2051 781 1289.

1158 911 1276 940 Eisdem
1298 912 1430 941 mandat
1446 916 1614 951 quatenus,
1634 914 1672 943 ad
1689 923 1795 952 regem
1811 916 2006 946 Francorum
2018 926 2125 955 perso-

1118 963 1236 993 naliter
1254 964 1398 994 adientes
1411 987 1418 1001 ‚
1436 974 1510 995 eum
1528 971 1680 997 moneant
1701 971 1730 997 et
1751 968 1904 998 inducant
1930 975 1963 999 ut
1980 970 2126 1008 precibus

1119 1020 1150 1046 et
1164 1016 1438 1049 exhortationibus
1456 1019 1645 1058 apostolicae
1663 1021 1745 1050 sedis
1762 1022 1952 1060 acquiescat.

1161 1080 1174 1096 α
1192 1069 1364 1105 Querelam
1387 1079 1517 1109 gravem
1541 1073 1772 1103 venerabilis...
1789 1090 1828 1096 —
1849 1075 1919 1106 Dat.
1938 1079 2091 1115 utsupra.
2110 1088 2123 1104 n

1191 1243 1278 1271 ¹238

1154 1304 1198 1331 De
1213 1305 1314 1331 eodem
1331 1307 1455 1341 negotio.
1473 1306 1555 1340 (Rae.
1576 1308 1619 1339 44,
1636 1316 1660 1335 c.
1679 1309 1723 1339 63,
1743 1309 1762 1335 f.
1782 1309 1830 1336 126
1848 1312 1896 1342 ro.)

1458 1243 1818 1280 Sainte-Marie-Majeure,
1835 1247 1867 1275 19
1883 1256 1959 1274 mars
1976 1248 2055 1276 1289.

1159 1407 1324 1436 Carissimo
1343 1409 1374 1437 in
1383 1408 1500 1438 Christo
1512 1410 1577 1446 filio
1589 1410 1741 1448 Philippo,
1758 1413 1823 1449 regi
1838 1413 2029 1442 Francorum
2040 1414 2126 1443 ¹illur-

1118 1461 1177 1497 tri,
1201 1469 1310 1499 preces
1332 1465 1362 1491 et
1385 1462 1618 1492 exhortationes
1635 1463 1674 1493 de
1695 1464 1812 1502 quibus
1837 1465 1872 1494 iu
1896 1474 1963 1504 cap.
1994 1466 2067 1496 LXI
2089 1466 2126 1496 fit

1117 1514 1238 1544 mentio
1253 1514 1337 1544 facit.

1158 1578 1173 1594 «
1190 1567 1328 1597 Attende
1344 1567 1392 1596 fili
1409 1572 1439 1597 et
1508 1585 1545 1590 —
1563 1569 1633 1598 Dat.
1654 1574 1687 1599 ut
1704 1580 1810 1608 supra.
1830 1583 1843 1597 »

1190 1739 1275 1767 ’ἵ39

1152 1800 1321 1829 Theodorus
1345 1803 1374 1829 in
1396 1803 1592 1838 praepositum
1621 1804 1778 1831 Albensem
1812 1805 1937 1839 eligitur.
1963 1806 2046 1840 (Rus.
2073 1808 2123 1842 44,

1117 1858 1143 1877 c.
1159 1850 1203 1882 64,
1219 1851 1238 1880 f.
1258 1851 1307 1878 126
1324 1857 1371 1886 νος
1389 1851 1495 1879 ΡοΤΤΗ.
1513 1852 1622 1887 22885.)

1427 1739 1791 1775 Salute-Marie-Majeure,
1809 1742 1842 1769 ‘23
1859 1743 1962 1770 l'evrier
1975 1744 2052 1772 1289.

1159 1975 1179 1982 ..
1193 1955 1297 1991 priori
1307 1955 1535 1992 predicatormn
1548 1960 1573 1984 et
1589 1978 1608 1984 ..
1623 1957 1798 1993 quarellam
1811 1958 1969 1987 minorum
1986 1960 2124 1995 fratrum

1118 2007 1262 2036 ordinum
1288 2008 1465 2037 Albenstbus
1486 2009 1617 2038 mandat
1641 2014 1798 2048 quatenus
1818 2010 2005 2042 electionem
2028 2021 2124 2051 quam

1116 2059 1293 2098 capitulum
1322 2060 1472 2091 ecclesiae
1501 2061 1670 2099 Albensis,
1697 2063 1736 2092 ad
1766 2072 1931 2093 romanam
1959 2065 2123 2095 ecclesiam

1118 2112 1209 2142 nullo
1227 2113 1333 2143 medio
1350 2114 1559 2152 pertinentiS,
1581 2124 1636 2153 per
1656 2117 1871 2154 praepositum
1886 2118 2059 2155 gubernari
2078 2127 2124 2149 so-

1116 2165 1209 2202 litae,
1234 2168 1309 2197 tunc
1335 2177 1391 2206 per
1413 2168 1644 2206 promotionem
1665 2170 1799 2199 Antonii
1821 2170 1855 2199 in
1877 2171 2123 2209 Zagabriensem

1116 2219 1299 2258 episcopum
1322 2221 1481 2257 vacantis,
1506 2221 1543 2250 de
1564 2222 1716 2259 magistro
1743 2223 1924 2260 Theodoro,
1949 2225 2124 2264 praeposito

1118 2272 1320 2311 Sybiniensi,
1336 2273 1487 2304 Alliensis
1500 2274 1652 2305 ecclesiae
1666 2277 1834 2313 canonico,
1852 2286 1907 2315 per
1919 2279 2123 2317 compromis-

1116 2326 1215 2356 sarios
1242 2335 1315 2356 suos
1340 2327 1508 2365 magistros
1532 2327 1738 2366 Gregorium,
1759 2330 1940 2368 custodem,
1964 2331 2121 2369 Paulum,

1116 2378 1278 2415 lectorem,
1296 2384 1325 2409 et
1340 2379 1435 2415 Esau,
1450 2385 1611 2410 cantorem
1629 2386 1659 2411 et
1674 2383 1844 2412 canonicos
1862 2384 2004 2423 ejusdem
2023 2384 2121 2414 eccle-

1115 2432 1197 2469 siae,
1215 2433 1248 2461 in
1264 2433 1480 2471 praepositum
1497 2434 1658 2471 fecerunt,
1683 2436 1867 2466 examinent
1882 2441 1930 2473 et,
1949 2438 1976 2466 si
1991 2437 2121 2467 canoni—

1114 2494 1185 2515 cam
1202 2487 1388 2525 repererint,
1407 2487 1608 2518 confirment.

1160 2551 1172 2566 <x
1203 2539 1350 2569 Exhibita
1374 2540 1465 2570 nobis
1494 2541 1720 2571 dilectorum...
1744 2559 1783 2564 —
1809 2543 1880 2572 Dat.
1907 2543 2018 2578 Rome,
2038 2543 2121 2582 apud

1118 2592 1268 2622 Sanctam
1289 2592 1425 2622 Mariam
1452 2593 1621 2632 Majorem,
1648 2604 1691 2624 vn
1714 2595 1866 2625 kalendas
1886 2596 2010 2633 martii,
2036 2605 2121 2627 anno

1118 2645 1271 2676 secundo.
1289 2658 1301 2672 »

1189 2804 1273 2831 *74⁰

1152 2865 1352 2892 Absolvuntur
1376 2866 1411 2891 ab
1436 2866 1735 2893 excommunicatione
1756 2867 1910 2902 Templarii
1933 2867 2070 2895 Castellae
2093 2872 2121 2895 et

1116 2914 1263 2949 Legionis.
1280 2914 1362 2949 (Rae.
1380 2915 1423 2945 44,
1439 2922 1465 2941 e.
1482 2915 1525 2948 65,
1543 2915 1562 2941 f.
1582 2915 1630 2942 126
1647 2917 1696 2947 νῦ.)

1452 2803 1809 2839 Sainte-Marie-Majeuro,
1830 2806 1861 2832 15
1878 2814 1953 2832 mars
1971 2805 2049 2834 1289.

1163 3017 1330 3046 Venerabili
1345 3018 1440 3053 fratri
1460 3039 1479 3046 ..
1497 3017 1628 3055 episcopo
1645 3018 1791 3055 Burqensi
1807 3018 1988 3049 facultatem
2006 3028 2119 3050 conce-
