2477 3637
215 366 272 396 248
503 384 508 387 -
961 353 1194 386 REGISTRES
1217 355 1271 385 DE
1294 351 1477 384 NICOLAS
1500 352 1556 382 IV.

215 437 306 464 tuum
327 430 530 466 eorumdem3
549 426 616 463 sed,
635 433 698 456 una
716 424 766 453 via
783 422 897 459 electa,
914 430 979 452 non
997 421 1104 452 licebit
1122 420 1218 451 alicui

214 487 349 522 variare,
362 485 399 515 ad
412 484 507 514 aliam
522 478 727 511 recurrendo.
746 477 784 506 Et
796 476 851 505 fiat
867 480 898 505 et
910 475 1074 513 redigatur
1089 483 1144 513 per
1155 473 1219 505 col-

215 540 346 571 lectores
371 539 404 567 in
423 534 549 573 scriptis
567 532 677 563 electio
695 528 883 568 hujusmodi
899 536 1045 566 expresse
1059 528 1092 557 in
1114 527 1219 566 prima

216 593 372 624 solutione
396 589 518 619 decime
545 584 735 625 supradicte,
759 581 902 620 alioquin
923 582 1013 620 juxta
1037 579 1218 609 extimatio-

216 655 290 676 nem
307 650 522 677 communem,
539 648 592 679 per
605 642 704 668 totum
722 641 858 674 tempus,
873 633 995 664 solvere
1012 632 1216 663 tenebuntur.

256 697 463 728 Declaramus
482 698 589 724 autern
613 690 712 731 quod,
731 690 758 719 si
785 689 830 718 hii
849 688 903 727 qui
919 686 1076 724 elegerint
1094 685 1218 715 solvere

215 752 370 783 decimam
398 757 454 787 pro
483 751 549 777 rata
576 754 638 784 qua
660 742 858 784 perceperint
883 739 1052 770 annuatim
1079 738 1220 768 vendant

215 808 386 847 proventus
419 801 648 833 beneficiorum
672 806 803 828 suorum
831 804 893 835 que
913 793 1114 834 personalem
1138 791 1219 822 resi-

214 859 357 890 dentiam
374 865 439 887 non
455 855 635 894 requirunt,
653 851 776 882 solvent
791 849 947 880 decimam
966 856 1022 887 pro
1040 846 1106 876 solo
1120 844 1219 884 pretio

214 912 298 952 qnod
314 910 486 949 recipietur
499 908 536 937 de
548 906 680 942 eisdem,
693 905 770 934 dum
787 908 891 933 tamen
909 902 993 932 circa
1009 901 1068 930 hoc
1083 900 1117 928 in
1134 898 1220 928 frau-

214 966 285 996 dem
316 964 438 995 decime
465 961 565 992 nichil
599 959 733 990 omnino
756 962 877 996 agatur.
916 955 978 985 Sed
1008 951 1220 984 ecclesiastica

214 1027 348 1060 persona
376 1026 437 1056 que
466 1016 498 1045 in
531 1013 664 1044 ecclesia
690 1021 747 1042 sua
773 1010 821 1040 vel
849 1008 1002 1039 beneficio
1026 1006 1111 1046 quod
1137 1005 1218 1035 resi-

214 1073 357 1104 dentiam
383 1068 583 1109 personalem
605 1066 741 1105 requirit
761 1072 825 1094 non
849 1062 983 1098 residet,
1008 1060 1063 1090 sed
1087 1058 1161 1088 facit
1184 1058 1218 1087 in

215 1128 324 1158 eodem
341 1134 396 1164 per
412 1122 591 1153 firmarium
607 1120 655 1150 vel
672 1118 827 1149 vicarium
845 1115 1016 1151 deserviri,
1036 1111 1218 1152 deputando

214 1181 276 1221 ipsi
302 1179 421 1209 vicario
447 1176 497 1207 vel
523 1174 665 1205 firmario
692 1176 810 1202 certain
838 1178 970 1200 suorum
1006 1169 1218 1206 proventuum

213 1233 389 1274 portionem
404 1255 410 1268 ,
427 1239 492 1260 non
509 1228 644 1258 deducet
660 1229 780 1265 partem
801 1222 912 1252 vicarii
928 1221 978 1251 vel
997 1218 1147 1254 firmarii,
1165 1216 1219 1246 sed

213 1288 252 1318 de
268 1285 427 1317 universis
442 1283 544 1323 ipsius
560 1279 692 1311 ecclesie
708 1277 758 1308 vel
778 1275 930 1307 beneficii
948 1272 1154 1314 proventibus
1170 1270 1220 1300 de-

212 1341 330 1371 cimam
346 1336 519 1369 exhibebit.

252 1393 460 1423 Declaramns
475 1390 572 1420 etiam
591 1386 676 1427 qnod
693 1386 731 1416 de
756 1384 845 1414 silvis
870 1391 926 1413 sen
948 1379 1134 1411 nemoribus
1158 1386 1220 1417 que

212 1456 276 1478 non
294 1447 530 1477 consueverunt
548 1441 646 1472 vendi
669 1438 772 1469 nichil
797 1437 938 1468 solvetur
951 1460 958 1473 ,
983 1434 1047 1464 nisi
1064 1433 1146 1463 forte
1160 1431 1220 1461 ali-

212 1500 289 1540 quid
303 1500 341 1530 de
352 1498 419 1529 illis
436 1496 604 1527 venditum
625 1493 720 1524 fuerit
736 1493 871 1522 durante
887 1490 1022 1524 decima,
1040 1490 1070 1517 et
1081 1490 1156 1516 tunc
1168 1494 1220 1515 ex-

212 1554 376 1585 timabitur
399 1554 556 1591 quantum
581 1549 695 1578 debere
717 1546 822 1576 valeat
850 1543 953 1574 annui
977 1540 1118 1572 redditus
1146 1547 1219 1578 pars

171 1615 176 1618 ·
212 1607 343 1638 vendita
358 1605 535 1636 secundum
551 1602 698 1633 assisiam
715 1609 777 1639 que
793 1596 961 1628 consuevit
972 1595 1042 1625 fieri
1057 1593 1097 1624 de
1110 1600 1220 1622 nemo-

212 1662 301 1692 ribus
321 1661 353 1690 in
372 1658 515 1699 partibus
536 1656 602 1687 illis
619 1656 654 1685 in
671 1654 787 1693 quibus
804 1660 920 1682 nemus
935 1649 1104 1680 venditum
1121 1647 1219 1676 situm

212 1715 291 1752 erit,
318 1719 347 1743 et
376 1713 414 1742 de
441 1711 506 1741 sola
532 1708 739 1740 extimatione
767 1705 894 1736 decima
922 1701 1140 1742 persolvetur3
1170 1703 1216 1734 et,

212 1769 275 1799 nisi
298 1767 337 1797 de
361 1774 398 1796 co
423 1764 507 1804 qnod
525 1762 720 1802 percipietur
743 1760 781 1790 de
804 1758 897 1788 dictis
917 1756 1006 1787 silvis
1027 1764 1084 1785 seu
1108 1761 1218 1783 nemo-

212 1821 302 1852 ribus
322 1829 383 1859 que
401 1817 498 1848 vendi
514 1824 579 1846 non
596 1816 850 1848 consueverunt,
868 1819 926 1840 nec
941 1809 1020 1839 forte
1038 1806 1219 1837 vendentur

213 1876 347 1906 durante
367 1873 507 1908 decima,
534 1879 570 1900 ex
598 1867 783 1898 venditione
804 1863 982 1904 pascuagii,
1003 1870 1059 1891 seu
1079 1859 1217 1898 erbagii,

211 1933 266 1960 aut
290 1927 421 1958 alterins
444 1923 621 1955 consimilis
645 1924 817 1960 proventus
840 1916 1026 1948 eorumdem
1049 1921 1219 1944 nemorum

212 1987 242 2014 et
259 1982 413 2012 silvarum
425 2004 432 2018 ,
450 1983 478 2009 et
501 1978 527 2008 si
549 1985 611 2007 non
632 1975 811 2005 vendantur
831 1969 1018 2010 hujusmodi
1036 1966 1216 2008 pascuagia‚

212 2035 342 2074 erbagia
353 2038 383 2064 et
396 2032 600 2069 similia‚non
613 2029 752 2060 solvetur
765 2027 888 2056 decima
900 2024 939 2054 de
951 2023 1016 2052 hiis
1030 2033 1037 2059 ;
1052 2022 1096 2051 ita
1111 2025 1218 2050 tamen

212 2090 295 2130 quod
313 2089 346 2118 in
364 2086 508 2117 fraudem
526 2084 647 2114 decime
667 2080 767 2111 nichil
783 2083 893 2110 contra
905 2077 966 2107 hoc
980 2077 1195 2114 attemptetur.

253 2143 406 2181 Idemque
423 2140 462 2170 de
484 2138 626 2178 pascuiS,
646 2134 783 2173 erbagiis
804 2137 835 2162 et
857 2132 890 2161 in
914 2128 1140 2160 consimilibus
1158 2126 1217 2156 ob-

211 2195 415 2229 ventionibus
429 2193 581 2223 silvarum
602 2190 776 2220 cednarum
792 2185 941 2216 volumus
957 2181 1130 2213 observari.

252 2251 299 2280 De
321 2247 442 2286 stagnis
465 2250 495 2275 et
516 2243 658 2284 piscariis
678 2241 801 2271 decima
822 2239 867 2268 sic
887 2236 1026 2267 solvetur
1046 2245 1052 2264 :
1071 2232 1220 2263 videlicet

212 2303 297 2344 quod
313 2303 366 2332 fiet
382 2299 508 2331 collatio
523 2298 565 2327 de
582 2302 717 2326 numero
732 2300 893 2323 annorum
911 2289 1028 2329 quibus
1048 2291 1121 2317 ante
1137 2294 1217 2315 ven-

211 2357 367 2387 ditionem
385 2353 533 2383 ultimam
555 2349 686 2380 vendita
709 2355 773 2377 non
794 2345 929 2380 fuerint,
950 2342 989 2372 ad
1007 2340 1218 2380 quantitatem

210 2410 304 2452 pretii
317 2418 353 2439 ex
370 2409 437 2448 ipsa
453 2394 638 2436 venditione
655 2401 770 2432 ultima
782 2399 912 2438 recepti,
934 2400 979 2434 ut,
999 2395 1098 2434 pretio
1115 2393 1218 2423 diviso

211 2466 243 2495 in
257 2467 360 2504 partes
374 2459 550 2491 secundum
563 2464 725 2487 annorum
742 2453 930 2489 terminum,
947 2450 1083 2480 durante
1094 2447 1219 2477 decima

211 2520 351 2552 solvetur
368 2517 493 2547 decima
512 2514 581 2553 ipsa
601 2512 640 2542 de
660 2515 702 2541 tot
717 2509 859 2549 partibus
882 2506 975 2546 pretii
991 2514 1027 2535 ex
1051 2505 1119 2543 ipsa
1138 2503 1218 2533 ven-

211 2574 332 2605 ditione
358 2569 475 2609 recepti
497 2571 574 2608 quot
595 2565 715 2596 fuerint
737 2562 817 2593 anni
840 2559 994 2600 predicti;
1013 2562 1063 2595 ut,
1090 2557 1117 2587 si
1138 2556 1218 2586 sorte

212 2631 287 2659 sunt
301 2626 445 2666 quinque
465 2621 545 2653 anni
566 2618 666 2659 elapsi
687 2627 723 2648 ex
742 2624 804 2656 quo
820 2615 922 2645 fuerat
937 2616 1087 2650 stagnum
1102 2608 1218 2640 vendi-

214 2686 292 2718 tum,
308 2684 338 2710 et
354 2686 440 2709 nunc
456 2675 613 2706 vendatur
629 2680 685 2711 pro
700 2674 830 2701 centum
846 2667 950 2704 libris,
968 2666 1047 2695 fiant
1064 2664 1103 2694 de
1118 2662 1218 2702 pretio

213 2735 356 2774 quinque
373 2735 489 2771 partes,
507 2733 538 2759 et
556 2736 611 2768 pro
628 2726 729 2756 tribus
747 2723 861 2759 annis,
879 2721 996 2760 quibus
1018 2717 1146 2749 durabit
1161 2716 1218 2746 de-

214 2789 307 2822 cima,
330 2786 468 2816 solvetur
482 2784 551 2822 ipsa
567 2781 690 2811 decima
705 2778 743 2808 de
760 2776 860 2807 tribus
876 2773 1017 2814 partibus
1038 2771 1131 2811 pretii
1147 2774 1219 2800 tan-

215 2845 295 2877 tum,
311 2838 457 2869 videlicet
470 2837 509 2867 de
524 2834 689 2872 sexaginta
700 2831 802 2866 libris,
816 2833 846 2859 et
856 2829 903 2859 sic
916 2825 1219 2865 multiplicabuntur

211 2898 246 2925 et
275 2893 465 2922 minuentur
491 2893 595 2929 partes
612 2885 706 2927 pretii
732 2887 822 2923 prout
850 2881 956 2922 plures
982 2879 1032 2910 vel
1058 2877 1218 2918 pantiores

212 2946 334 2978 fuerint
348 2944 425 2974 dicti
439 2943 527 2972 anni.

252 3000 300 3030 De
309 2996 530 3028 venationibus
541 2996 648 3024 autem
657 2996 687 3023 et
696 2989 839 3031 piscariis
852 2988 1024 3018 fluminum
1037 2989 1066 3016 et
1075 2985 1218 3020 lacuum,

213 3055 241 3085 si
255 3052 446 3086 vendantur,
466 3052 497 3079 et
517 3047 607 3077 silvis
624 3045 733 3076 ceduis
750 3044 837 3074 idem
855 3041 939 3081 quod
954 3040 993 3071 de
1012 3039 1133 3078 stagnis
1150 3037 1216 3068 fiet.

1343 420 1390 450 De
1406 418 1547 458 piscibus
1561 422 1746 455 stagnorum
1764 415 1812 446 vel
1825 416 1937 446 hestiis
1949 425 2142 455 garenarum
2159 425 2238 456 quos
2252 426 2306 457 pro

1302 482 1362 503 usu
1381 471 1430 502 vel
1447 480 1502 501 esu
1521 479 1578 501 suo
1594 471 1741 501 consumi
1758 469 1808 499 vel
1824 470 1895 500 sine
1910 469 2022 501 fraude
2038 470 2149 501 donari
2165 470 2305 509 contige-

1302 526 1345 556 rit
1359 525 1483 555 decima
1501 532 1564 554 non
1585 523 1737 553 solvetur.

1345 579 1380 608 Et
1404 577 1481 616 quia
1507 575 1657 607 nonnulli
1673 575 1818 606 obtinent
1841 584 1860 605 a
1879 576 2082 606 monasteriis
2110 579 2140 606 et
2166 575 2307 608 ecclesiis

1302 631 1471 671 prioratus,
1489 629 1657 668 grangias,
1677 628 1803 665 domos,
1824 628 1982 666 redditus,
2001 629 2173 669 pensiones
2188 633 2219 659 et
2233 637 2306 660 cen-

1302 693 1371 720 sus,
1396 684 1430 713 in
1453 682 1605 714 solvenda
1628 681 1668 712 de
1693 681 1756 711 hiis
1782 681 1904 712 decima
1924 681 2084 712 credimus
2108 682 2307 721 distingnen-
2358 717 2361 722 ,
2396 712 2398 723 7

1302 737 1378 767 dum
1395 761 1401 774 ,
1420 735 1568 766 videlicet
1585 744 1625 765 an
1644 734 1717 764 talia
1738 734 1773 764 in
1789 734 1981 765 beneficium
2004 734 2194 772 habeantur,
2211 743 2252 765 an
2269 742 2308 766 ex

1302 794 1481 826 contractu,
1496 798 1537 818 an
1564 797 1601 818 ex
1627 796 1716 818 mera
1739 787 1856 825 gratia,
1879 796 1920 817 an
1939 795 1995 827 pro
2021 788 2168 818 mercede
2190 779 2331 820 laborisss

1303 843 1353 873 vel
1375 843 1538 882 obsequii,
1562 846 1592 871 et
1615 841 1746 881 quidem
1769 841 1949 871 obtinentes
1965 840 2041 871 talia
2063 842 2097 871 in
2116 840 2330 875 beneficium›.

1303 900 1334 926 et
1349 897 1446 926 etiam
1467 905 1502 926 ex
1524 904 1612 925 mera
1627 895 1746 933 gratia,
1764 894 1831 924 sive
1846 894 1905 924 hoc
1921 894 1962 924 sit
1979 902 2166 925 concessum
2185 903 2240 934 per
2257 902 2308 925 se-
2331 895 2333 897 ’

1303 949 1376 979 dem
1393 949 1615 988 apostolicam,
1635 948 1702 978 sive
1725 956 1780 987 per
1802 948 1943 986 ipsorum
1966 947 2235 978 monasteriorum
2255 947 2309 979 vel

1303 1002 1510 1033 ecclesiarum
1536 1010 1705 1042 personas,
1733 1001 1772 1032 de
1800 1000 1931 1031 illorum
1956 1001 2162 1040 proventibus
2186 993 2310 1032 solvent
2335 1028 2338 1034 .

1303 1055 1474 1086 decimam.

1343 1109 1424 1139 Cum
1449 1113 1556 1139 autem
1583 1109 1771 1139 obtinentur
1801 1107 1875 1138 talia
1901 1116 1938 1138 ex
1962 1111 2144 1146 contractu,
2170 1111 2245 1147 puta
2269 1097 2310 1139 ad

1302 1163 1493 1202 pensionem
1516 1162 1562 1193 ve!
1590 1162 1718 1193 firmam
1736 1170 1898 1199 annuam,
1926 1161 1960 1191 in
1985 1170 2049 1201 qua
2073 1169 2138 1192 non
2161 1165 2208 1192 est
2229 1161 2310 1193 facta

1303 1216 1407 1255 gratia
1419 1216 1587 1253 obtinenti,
1608 1216 1662 1246 sed
1679 1216 1713 1245 in
1734 1215 1793 1246 hoc
1814 1218 1947 1254 uterque
1965 1214 2226 1245 contrahentium
2241 1218 2309 1246 stu·
2333 1216 2338 1218 “

1303 1269 1374 1300 duit
1402 1269 1620 1300 conditionem
1648 1278 1740 1299 suam
1766 1269 1868 1298 facere
1897 1268 2081 1305 meliorem,
2112 1271 2333 1308 perceptores«

1303 1323 1469 1363 pensionis
1484 1323 1534 1353 vel
1550 1324 1644 1353 firme
1661 1323 1700 1353 de
1715 1323 1783 1361 ipsa
1799 1322 1953 1361 pensione
1970 1322 2020 1352 vel
2036 1321 2132 1352 firma
2151 1321 2309 1352 decimam

1303 1374 1510 1408 exhibebunt.
2324 1359 2334 1368 γ

1343 1431 1378 1461 Si
1394 1435 1502 1461 autem
1519 1430 1593 1469 quis
1608 1435 1682 1460 ante
1707 1430 1757 1459 vel
1774 1433 1843 1468 post
1864 1429 2103 1459 concessionem
2124 1427 2310 1468 hujusmodi

1302 1485 1425 1515 decime
1442 1484 1483 1514 ad
1500 1484 1599 1514 vitam
1619 1484 1780 1523 propriam
1801 1483 1878 1513 emit
1896 1486 2067 1521 proventus
2083 1482 2242 1522 prioratus
2258 1481 2311 1513 vel

1301 1538 1440 1569 alioruin
1454 1537 1668 1576 predictorum
1681 1545 1736 1576 pro
1749 1536 1857 1575 aliqua
1873 1536 2020 1575 pecunia,
2037 1536 2083 1566 ita
2098 1535 2183 1575 quod
2198 1535 2233 1565 in
2250 1535 2309 1566 hoc
2321 1535 2333 1538 ⁴

1303 1592 1333 1622 ei
1347 1592 1485 1622 scienter
1502 1590 1606 1629 gratia
1622 1599 1687 1621 non
1703 1594 1752 1620 est
1767 1590 1815 1620 fac
1823 1594 1863 1627 ta,
1881 1589 2138 1620 considerabitur
2151 1592 2309 1628 quantum
2336 1623 2339 1628 ,

1303 1645 1508 1676 extimatione
1521 1644 1686 1674 communi
1698 1643 1826 1673 valeant
1839 1643 1941 1673 annui
1952 1646 2125 1682 proventus
2137 1642 2307 1682 prioratus,

1303 1699 1458 1738 grangie,
1482 1698 1609 1735 domus,
1631 1701 1787 1727 terrarum
1813 1706 1868 1727 seu
1891 1696 2073 1727 reddituum
2100 1695 2308 1736 huJ'usmodi,

1303 1756 1333 1783 et
1351 1751 1528 1782 secundum
1544 1751 1615 1787 hoc,
1630 1750 1669 1781 ab
1685 1750 1751 1780 illis
1768 1758 1906 1789 quornm
1924 1753 1971 1780 est
1984 1749 2101 1780 horum
2116 1749 2322 1788 proprietas„
2336 1774 2338 1777 .

1302 1806 1357 1846 qni
1386 1805 1461 1835 inde
1488 1804 1627 1843 pretium
1648 1812 1705 1842 pro
1726 1803 1832 1834 futuro
1855 1807 1995 1842 tempore
2017 1806 2226 1842 receperunt,
2254 1811 2309 1842 per
2328 1836 2331 1838 ,

1303 1864 1366 1890 tres
1382 1867 1483 1889 annos
1501 1858 1626 1888 decima
1640 1857 1796 1895 exigetur.
1822 1854 1825 1857 ’

1343 1913 1376 1943 Si
1400 1916 1507 1942 antem
1534 1911 1568 1940 in
1591 1910 1656 1940 hiis
1674 1910 1775 1949 gratia
1800 1910 1881 1939 facta
1908 1909 1949 1939 sit
1973 1909 2204 1946 obtinentibus,
2234 1908 2331 1948 quia-

1302 1967 1439 1998 scienter
1454 1973 1509 2004 pro
1532 1963 1650 1995 minori
1666 1963 1768 2003 pretio
1792 1972 1889 2002 quam
1907 1962 2033 1993 valeant
2049 1966 2125 1992 sunt
2141 1961 2216 1992 talia
2230 1970 2309 1992 ven·
2327 1964 2330 1978 ²

1302 2021 1367 2051 dita
1383 2019 1433 2049 vel
1450 2019 1565 2055 locata,
1589 2017 1650 2057 ipsi
1666 2017 1863 2053 obtinenteS,
1881 2021 1911 2046 et
1928 2025 1991 2047 non
2009 2015 2243 2046 monasterium
2258 1998 2329 2047 vel-‘i

1302 2073 1448 2111 ecclesia,
1466 2073 1504 2103 de
1519 2071 1575 2102 illo
1593 2071 1627 2101 in
1647 2080 1710 2110 quo
1727 2071 1828 2109 gratia
1846 2070 1927 2100 facta
1947 2074 1995 2100 est
2009 2069 2104 2109 ipsis,
2124 2073 2155 2100 et
2171 2069 2211 2100 de
2231 2068 2308 2100 reli·
2323 2051 2331 2089 ·’

1301 2136 1364 2167 quo
1381 2126 1431 2156 illi
1443 2134 1580 2165 quorum
1597 2128 1644 2154 est
1658 2124 1843 2163 proprietas,
1859 2123 2018 2153 decimam
2036 2121 2247 2153 exhibebunt.
2326 2111 2332 2113 ’

1342 2181 1376 2211 Si
1391 2185 1498 2210 autem
1513 2177 1657 2218 personis
1672 2177 1835 2216 aliquibus
1852 2184 1909 2216 pro
1921 2177 2008 2215 justa
2022 2175 2170 2206 mercede
2185 2184 2241 2206 seu
2255 2183 2308 2206 re-

1301 2233 1523 2265 muneratione
1545 2231 1663 2262 laboris
1689 2230 1741 2260 vel
1765 2229 1912 2269 obsequii
1932 2229 2054 2269 prestiti
2077 2228 2128 2260 vel
2144 2227 2308 2268 prestandi

1302 2287 1377 2319 talia
1394 2294 1543 2318 concessa
1563 2288 1654 2322 sunt,
1683 2283 1732 2313 hii
1755 2292 1892 2323 quorum
1914 2287 1961 2313 est
1987 2282 2119 2314 illorum
2134 2282 2328 2322 proprietas-⁷

1301 2344 1336 2374 in
1354 2340 1566 2372 decimatione
1582 2342 1796 2378 proventuum
1819 2345 1952 2367 suornm
1977 2336 2073 2367 etiam
2095 2335 2212 2373 horum
2235 2342 2306 2376 pro-
2326 2334 2331 2370 ἴ

1301 2400 1416 2428 ventus
1441 2394 1557 2424 merito
1578 2391 1815 2428 numerabunt,
1843 2395 1872 2422 et
1898 2390 1937 2421 de
1958 2389 2043 2427 illis,
2070 2389 2153 2420 sicut
2174 2389 2213 2420 de
2234 2387 2307 2420 aliis
2332 2423 2334 2425 ,
2406 2375 2407 2378 ¹

1302 2459 1380 2490 qnos
1409 2457 1463 2488 pro
1486 2446 1598 2477 ceteris
1619 2446 1685 2475 suis
1708 2444 1899 2475 utilitatibus
1922 2443 2124 2483 expendunt,
2149 2442 2310 2474 decimam.

1301 2503 1508 2535 exhibebunt.
1519 2499 1610 2537 Quod
1627 2500 1653 2529 si
1666 2509 1720 2538 per
1736 2498 1807 2529 mos
1823 2498 1880 2537 qui
1896 2506 1932 2528 ea
1947 2497 2093 2528 obtinent
2105 2496 2165 2527 rite
2180 2496 2214 2526 in
2227 2482 2306 2527 αιῑοέ
2331 2492 2339 2506 ··

1301 2561 1376 2589 sunt
1401 2555 1571 2591 translata,
1600 2553 1675 2593 qnia
1698 2562 1747 2583 res
1769 2552 1883 2582 transit
1907 2560 1980 2582 cum
2001 2559 2098 2582 onere
2117 2559 2193 2588 suo,
2209 2549 2305 2581 etiam
2324 2565 2334 2577 »

1300 2612 1383 2642 circa
1405 2609 1477 2640 illos
1493 2617 1555 2647 que
1574 2606 1774 2646 prediximus
1791 2604 2016 2640 servabuntur,
2035 2611 2094 2634 nec
2109 2603 2306 2634 deducentur

1301 2672 1438 2704 expense
1461 2671 1523 2701 que
1550 2669 1606 2700 pro
1631 2659 1798 2690 monachis
1821 2659 1876 2698 qui
1902 2658 1936 2688 in
1958 2657 2075 2688 talibus
2098 2655 2304 2696 prioratibus,

1301 2717 1445 2758 grangiis
1462 2725 1518 2746 seu
1534 2714 1693 2750 domibus,
1712 2713 1746 2743 in
1762 2711 1956 2743 beneficium
1978 2719 2034 2742 seu
2051 2719 2088 2741 ex
2103 2717 2192 2740 mera
2205 2707 2307 2748 gratia
2330 2740 2334 2748 Ι

1300 2771 1470 2807 concessis,
1487 2779 1523 2800 ex
1542 2772 1630 2808 pacto
1645 2767 1747 2798 teneri
1760 2767 1877 2797 debent
1893 2765 1965 2796 fieri
1981 2764 2204 2795 dinoscuntur.
2300 2761 2308 2770 ‘

1341 2825 1486 2864 Expense
1500 2827 1606 2853 antem
1625 2821 1756 2851 illorum
1778 2818 2011 2851 monachorum
2030 2817 2082 2848 vel
2097 2823 2304 2857 personarum

1301 2877 1356 2917 qui
1377 2875 1480 2907 teneri
1503 2874 1621 2905 debent
1639 2883 1675 2903 ex
1699 2877 1788 2912 pacto
1806 2872 1840 2902 in
1857 2870 2069 2911 prioratibus,
2087 2867 2233 2908 grangiis
2249 2874 2315 2899 seu,

1301 2929 1449 2960 domibus
1460 2929 1499 2958 ad
1512 2929 1631 2967 justam
1647 2928 1774 2957 firmam
1787 2934 1842 2956 seu
1857 2924 2045 2964 pensionem
2057 2921 2226 2958 concessis,
2238 2919 2304 2950 sive
2332 2928 2334 2930 ·

1300 2983 1511 3013 determinate
1530 2981 1662 3018 suerint,
1676 2980 1743 3010 sive
1761 2987 1838 3016 non,
1850 2976 2090 3008 extimabuntur
2099 2973 2304 3005 extimatione

1300 3036 1476 3072 communi,
1488 3040 1517 3067 et
1534 3036 1627 3066 talem
1644 3033 1884 3066 extimationem
1895 3029 2124 3062 monasterium
2139 3027 2190 3058 vel
2203 3025 2301 3058 eccle-
