2477 3637
290 366 346 396 476

291 432 444 462 Aretinae
468 431 636 467 dioecesis,
660 431 691 460 in
715 431 852 469 singulis
875 436 1057 462 sanctorum
1081 434 1240 464 Francisci
1264 438 1294 464 et

290 484 424 515 Antonii
448 484 663 514 confessorum
690 488 720 514 et
741 489 868 514 sanctae
883 485 987 515 crucis
1003 486 1245 525 festivitatibus,
1264 492 1294 518 et

287 546 344 577 per
357 541 425 568 octo
439 537 506 567 dies
521 537 708 567 testivitates
725 537 809 576 ipsas
823 537 1006 568 immediate
1022 544 1202 579 sequentes.
1219 541 1290 572 Dat.

291 590 374 629 apud
392 590 666 627 Urbemveterem,
691 590 836 620 kalendis
856 591 944 630 julii,
962 601 1048 623 anno
1068 595 1168 624 tertio.
1195 606 1208 621 »
1234 595 1292 634 (En

287 652 409 681 marqe,·
426 643 562 682 Porus„
580 642 700 680 23304.)

865 725 991 760 Orvieto,
1009 727 1041 754 23
1057 729 1124 755 aout
1144 728 1218 756 1‘290.

325 806 364 835 In
386 815 412 835 e.
438 814 481 835 m.
506 805 639 835 eisdem.
666 806 806 836 Eandem
829 807 1063 846 indulgentiam
1084 811 1228 841 concedit
1247 811 1292 842 eis

285 860 342 899 qui
358 859 523 890 ecclesiam
540 860 673 890 fratrum
690 861 853 891 minorum
869 862 1068 900 Paduanam,
1085 864 1118 893 in
1136 864 1291 896 honorem

284 913 369 943 beati
395 913 529 943 Antonii
558 913 755 950 dedicatam,
784 915 817 944 in
843 915 982 954 singulis
1012 917 1120 947 beatae
1149 919 1290 956 Mariae,

285 971 466 996 sanctorum
486 967 665 1004 Francisci,
684 968 817 998 Antonii
839 974 869 998 et
887 969 995 999 beatae
1011 970 1122 1001 Clarae
1141 972 1290 1003 festivita-

284 1021 368 1050 tibus
393 1030 427 1050 ac
451 1031 503 1059 per
525 1026 594 1051 octo
615 1022 682 1051 dies
712 1022 896 1052 festivitates
927 1024 1010 1062 ipsas
1035 1025 1221 1056 immediate
1244 1037 1291 1057 se-

284 1078 430 1112 quentes,
446 1074 657 1106 visitaverint.
673 1075 742 1104 Dat.
759 1076 841 1115 apud
857 1077 1131 1115 Urbemveterem,
1147 1090 1164 1109 x
1180 1080 1291 1110 kalen-

284 1126 341 1157 das
359 1127 558 1166 septembris,
579 1137 664 1158 anno
683 1129 784 1160 tertio.
803 1129 908 1168 (Ibicl,
929 1130 1065 1168 Por'rn„
1084 1132 1207 1172 23366.)

761 1237 894 1271 OrvietO,
914 1239 944 1265 13
961 1240 1124 1274 septembre
1143 1242 1218 1268 1290.

324 1318 361 1347 In
386 1327 412 1348 e.
441 1328 484 1349 m.
509 1319 640 1348 eisdem.
664 1319 805 1349 Eandem
823 1321 1058 1359 indulgentiam
1081 1324 1225 1354 concedit
1245 1325 1290 1355 eis

283 1371 339 1409 qui
362 1370 528 1400 ecclesiam
550 1394 569 1401 ..
596 1372 770 1402 abbatissae
795 1377 824 1402 et
846 1378 1021 1404 conventus
1045 1378 1229 1407 monasterii
1252 1378 1290 1408 de

284 1424 427 1462 Spinalo,
446 1424 606 1454 Tullensis
618 1425 783 1461 dioecesis,
801 1426 923 1456 ordinis
940 1427 972 1458 S.
991 1428 1167 1465 Benedicti,
1185 1430 1220 1459 in
1236 1431 1289 1461 ho-

284 1486 395 1506 norem
414 1477 496 1507 beati
512 1477 639 1508 Goerici
655 1479 845 1509 confessoris
861 1485 1085 1517 constructam,
1104 1483 1137 1512 in
1156 1483 1187 1513 S.
1207 1484 1288 1514 Goe-

281 1531 341 1560 rici
361 1535 390 1559 et
418 1532 659 1570 Assumptionis
683 1533 792 1562 beatae
813 1534 932 1563 Mariae
954 1535 1089 1573 virginis
1110 1537 1289 1567 festivitati-

280 1584 352 1620 bus,
367 1594 423 1622 per
437 1589 506 1614 octo
522 1585 589 1615 dies
607 1586 792 1616 festivitates
807 1588 890 1625 ipsas
906 1589 1091 1619 immediate
1107 1596 1288 1629 sequentes,

281 1641 311 1666 et
327 1638 360 1667 in
377 1638 596 1668 anniversario
611 1639 663 1669 die
677 1640 887 1671 dedicationis
901 1641 1044 1679 ejusdem
1061 1643 1223 1681 ecclesiae,
1241 1645 1288 1674 vi·
1318 1668 1321 1669 ν

281 1691 458 1723 sitaverint.
476 1692 547 1722 Dat.
568 1694 651 1732 apud
667 1693 930 1725 Urbemveterem
941 1718 950 1732 ‚
966 1696 1071 1726 idibus
1087 1699 1287 1736 septembris,

279 1753 366 1775 anno
385 1746 486 1776 tertio.

757 1814 887 1848 Orvieto,
908 1817 939 1844 '13
956 1818 1118 1852 septembre
1138 1819 1214 1848 1290.

320 1897 358 1926 In
377 1905 404 1927 e.
429 1906 472 1928 m.
497 1897 630 1928 eisdem.
654 1899 795 1929 Eandem
818 1900 1055 1939 indulgentiam
1077 1904 1222 1934 concedit
1243 1906 1288 1935 eis

279 1949 336 1989 qui
353 1949 518 1980 ecclesiam
538 1973 558 1981 ..
580 1951 757 1982 abbatissae
778 1957 808 1982 et
823 1959 999 1984 conventus
1017 1958 1204 1986 monasterii
1222 1958 1286 1988 Ro-

280 2003 478 2041 maricensis,
499 2003 660 2034 Tullensis
676 2005 843 2043 dioecesis,
863 2008 985 2037 ordinis
1004 2009 1034 2038 S.
1054 2010 1231 2047 Benedicti,
1251 2012 1286 2041 in

278 2055 434 2087 honorem
446 2056 609 2087 beatorum
625 2059 710 2087 Petri
723 2060 855 2098 apostoli
873 2065 902 2090 et
920 2062 1081 2092 Homarici
1097 2065 1287 2096 confessoris

278 2114 511 2147 constructam,
534 2111 566 2140 in
589 2112 775 2142 eorumdem
794 2118 976 2145 sanctorum
998 2121 1026 2145 et
1047 2118 1287 2156 Assumptionis

278 2162 388 2193 beatae
411 2163 530 2193 Mariae
548 2164 773 2195 festivitatibus
795 2171 823 2196 et
850 2177 905 2206 per
927 2173 996 2199 octo
1012 2170 1078 2199 dies
1100 2171 1286 2203 festivitates

278 2213 362 2252 ipsas
380 2215 564 2245 immediate
583 2222 770 2255 sequentes,
791 2219 1002 2251 visitaverint.
1027 2222 1097 2251 Dat.
1124 2228 1156 2252 ut
1179 2232 1284 2262 supra.

349 2447 468 2476 2886
863 2453 990 2486 Orvieto,
1008 2455 1040 2483 ‘29
1052 2457 1117 2490 juin
1135 2458 1212 2485 1‘290.

313 2522 500 2558 Dispensatio
516 2526 699 2554 matrimonii.
717 2527 799 2560 (ΠΕΟ.
816 2529 859 2560 45,
876 2538 901 2556 c.
918 2531 980 2565 273,
997 2532 1015 2559 s.
1035 2533 1066 2560 50
1083 2536 1130 2567 ru.)
1146 2523 1149 2526 ,

324 2667 494 2696 Venerabili
508 2668 604 2706 fratri
622 2693 642 2699 ..
663 2672 794 2709 episcopo
810 2674 970 2704 Parmensi
988 2677 1158 2708 committit
1174 2684 1286 2718 quate-

279 2727 340 2748 nus
361 2728 433 2749 cum
458 2720 608 2751 Johanne
632 2722 670 2751 de
689 2723 834 2755 Tberciis
853 2730 882 2755 et
904 2726 1098 2767 Gerardina,
1123 2736 1201 2761 nata·
1215 2733 1286 2763 Hu—

278 2771 359 2801 berti
375 2773 524 2811 Martini,
545 2775 667 2805 civibus
682 2777 929 2817 Parmousibus,
946 2781 1108 2821 dispenset
1125 2789 1158 2815 ut
1173 2786 1206 2815 in
1224 2795 1287 2818 ma·

282 2824 433 2855 trimonio
460 2827 543 2865 quod
570 2828 664 2867 olim,
688 2831 874 2868 ignorantes
900 2835 1062 2873 quondam
1090 2839 1284 2878 Aynesiam,

282 2886 411 2907 uxorem
428 2880 599 2918 Johannis,
620 2888 731 2921 quarto
749 2886 848 2922 gradu
866 2890 1154 2927 consanguinitatis
1169 2892 1286 2923 Gerar-

280 2929 373 2959 dinae
389 2933 591 2970 conjunctam
605 2936 713 2974 fnisse,
727 2943 953 2971 contraxerunt
969 2952 1135 2975 remanere
1149 2946 1284 2980 valeant.

322 2995 333 3009 α
353 2984 468 3015 Petilio
486 2986 592 3017 dilecti
608 2989 703 3020 filii...
722 3008 759 3013 —
776 2992 846 3022 Dat.
861 2995 945 3032 apud
960 2996 1233 3037 Urbemveterem,
1250 3011 1285 3031 111

280 3034 433 3067 kalendas
446 3039 537 3076 julii,
552 3049 637 3071 anno
654 3044 755 3074 tertio.
778 3058 789 3071 ιι

1033 367 1270 398 REGISTRES
1292 368 1347 398 DE
1369 368 1553 399 NICOLAS
1575 370 1632 400 lv.

1447 434 1563 463 2882

1411 497 1570 524 Concessio
1586 498 1786 525 tabellionatus
1797 499 1893 526 officii.
1911 499 1994 533 (Rae.
2007 500 2049 532 45,
2063 508 2089 527 c.
2104 500 2166 535 274,
2179 502 2198 528 f.
2211 503 2244 529 50
2255 510 2281 529 το
2293 515 2299 535 ;
2312 503 2379 533 Lu».

1376 555 1410 574 nn
1426 545 1524 582 Tum,
1542 546 1595 580 111,
1613 546 1683 580 191.)

1758 435 2110 471 Sainte-Marie-Majeure,
2128 438 2142 464 5
2158 439 2213 465 mai
2232 439 2308 467 1290.

1415 649 1571 687 Raynaldo
1590 650 1690 679 Casali
1705 650 1739 679 de
1756 650 1797 678 Ph
1805 651 1915 688 ilitino,
1937 652 2042 681 clerico
2059 653 2093 681 in
2112 653 2282 682 minoribus
2299 654 2381 684 ordi-

1375 704 1466 732 nibus
1480 704 1639 732 constituto
1650 726 1658 740 ,
1681 704 1896 733 lemovicensis
1912 705 2053 741 diocesis,
2071 705 2294 736 tabellionatus
2310 706 2380 737 offl-

1375 756 1478 791 cium,
1503 755 1541 785 ad
1567 756 1650 795 quod
1672 765 1690 786 a
1714 756 1894 795 Matthaoe,
1923 758 2229 796 protonobilissimo,
2253 763 2380 792 cantore

1374 808 1582 839 Carnotensis
1601 808 1765 846 ecclesiae,
1786 814 1816 839 et
1832 810 1996 849 Raynerio
2015 810 2054 841 de
2074 811 2211 849 Casulis,
2228 812 2381 844 canonino

1374 863 1563 892 Wnlterano
1578 887 1584 899 ,
1603 863 1739 893 idoneus
1751 863 1913 902 judicatus
1929 867 1994 901 est,
2012 864 2167 894 concedit.

1417 928 1429 943 «
1460 916 1508 946 Ne
1534 920 1755 946 contractuum
1782 917 1973 947 memoria...
2002 934 2036 938 —
2059 917 2131 947 Dat.
2159 917 2276 954 Rome,
2299 918 2381 958 apud

1375 969 1524 1000 Sanctam
1542 970 1677 1000 Mariam
1694 969 1860 1009 MaJ'orem,
1877 979 1911 999 ιιι
1924 978 2025 1000 nonas
2041 971 2130 1009 maii,
2145 980 2231 1002 anno
2247 971 2347 1003 tertio.
2363 983 2379 1001 n

1445 1144 1562 1173 2888
1931 1144 2058 1178 Orvieto,
2075 1144 2106 1171 21
2120 1145 2216 1179 J‘uillet
2232 1144 2309 1172 1290.

1410 1206 1619 1241 Indulgentiae.
1640 1207 1721 1239 (stan.
1740 1208 1783 1241 45,
1801 1215 1826 1234 c.
1844 1207 1917 1242 274²,
1935 1207 1954 1233 s.
1972 1207 2005 1233 50
2021 1209 2068 1240 r0.)

1418 1309 1569 1338 Universis
1585 1309 1700 1339 Christi
1717 1311 1855 1347 fidelibus
1871 1315 2023 1348 presentes
2048 1311 2166 1339 litteras
2188 1311 2378 1348 inspecturis.

1377 1361 1616 1399 Indulgentiam
1634 1363 1731 1393 unius
1748 1364 1825 1393 anni
1842 1367 1870 1392 et
1885 1373 1923 1394 xi.
1947 1364 2071 1393 dierum
2097 1363 2243 1394 concedit
2262 1363 2308 1394 eis
2326 1363 2380 1403 qui

1375 1414 1543 1444 ecclesiam
1573 1415 1680 1446 Sancti
1704 1417 1868 1446 Laurentii
1892 1417 2044 1455 martyris
2061 1417 2326 1455 Pergamensem,
2345 1417 2379 1448 iu

1375 1457 1644 1499 Annuntiationis
1661 1474 1690 1499 et
1710 1471 1950 1509 Assumptionis
1967 1470 2075 1500 beatae
2093 1470 2215 1500 Mariae
2232 1474 2262 1500 et
2279 1470 2380 1501 sancti

1374 1521 1540 1551 Laurentii
1561 1522 1786 1553 festivitatibus
1802 1529 1832 1553 et
1849 1533 1902 1562 per
1920 1528 1989 1553 octo
2010 1523 2079 1553 dies
2095 1523 2282 1554 festivitates
2296 1523 2379 1562 ipsas

1373 1575 1559 1605 immediate
1575 1581 1763 1614 sequentes,
1781 1577 1992 1607 visitaverint.

1417 1640 1429 1655 α
1451 1628 1653 1658 Venerabilia
1671 1630 1838 1660 martirum
1854 1630 2070 1660 certamina...
2083 1646 2123 1652 —
2140 1630 2209 1660 Dat.
2225 1629 2308 1669 apud
2319 1630 2379 1661 Ur-
2423 1653 2427 1661 .

1373 1681 1588 1712 bemveterem
1599 1705 1607 1719 ‚
1623 1692 1667 1712 xn
1680 1682 1834 1713 kalendas
1848 1684 1992 1721 augusti,
2010 1691 2096 1713 anno
2113 1683 2215 1714 tertio.
2235 1695 2249 1710 ι»

1445 1864 1563 1892 2889

1409 1926 1541 1953 Facultas
1556 1926 1721 1953 conferendi
1740 1926 1851 1953 duabus
1872 1926 2004 1961 personis
2024 1926 2223 1953 tabellionatus
2241 1926 2378 1955 officium.

1372 1976 1455 2011 (Rae.
1473 1977 1559 2013 45„c.
1577 1975 1637 2010 275,
1655 1976 1673 2002 f.
1692 1976 1724 2003 50
1741 1977 1788 2008 r0.)

1929 1863 2055 1895 Orvieto,
2077 1863 2215 1898 12jui11et
2231 1863 2308 1891 1290.

1418 2080 1585 2108 Venerabili
1601 2081 1696 2116 fratri
1710 2079 1874 2115 Bonifatio,
1895 2081 2027 2117 episcopo
2044 2079 2224 2109 Sedunensi.

1415 2146 1425 2158 «
1446 2133 1488 2162 Ex
1510 2136 1595 2170 parte
1609 2136 1699 2161 tua...
1716 2149 1754 2153 —
1770 2132 1840 2161 Dat.
1855 2131 1940 2170 apud
1952 2132 2228 2169 Urbemveterem,
2245 2141 2290 2162 1111
2306 2131 2375 2162 idus

1368 2185 1459 2224 Julii,
1476 2194 1562 2215 anno
1581 2185 1681 2215 tertio.
1702 2198 1716 2211 »

1442 2360 1560 2389 2890
1954 2358 2081 2393 Orvieto,
2100 2358 2209 2394 13juin
2227 2358 2304 2386 1290.

1407 2423 1448 2449 De
1465 2423 1648 2450 contentione
1664 2422 1736 2449 inter
1756 2421 1956 2448 Coloniensem
1977 2422 2227 2457 archiepiscopum
2249 2425 2277 2448 et
2291 2419 2373 2449 Wal-

1370 2481 1490 2505 ramum,
1506 2472 1638 2498 comitem
1655 2470 1861 2498 Juliacenscm.
1878 2471 1961 2504 (Rae.
1979 2471 2023 2502 45,
2041 2479 2066 2497 c.
2083 2470 2146 2505 276,
2163 2470 2182 2497 f.
2200 2471 2233 2498 50
2248 2471 2296 2504 1¹⁰.)

1416 2574 1584 2604 Venerabili
1601 2576 1695 2611 fratri
1717 2597 1735 2603 ..
1761 2575 1937 2611 Maywtliito
1960 2579 1986 2603 et

1366 2630 1508 2666 piscopis.
1529 2640 1541 2654 «
1559 2627 1608 2657 Ad
1620 2627 1817 2657 audientiam
1835 2631 1975 2657 nostram
1990 2627 2135 2665 pervenit
2150 2627 2234 2666 quod
2252 2626 2372 2657 Walra-

2011 2595 2031 2603 ..
2058 2573 2231 2603 Treverensi
2255 2573 2369 2604 archie-
2380 2597 2381 2600 ,

2423 1672 2441 1695 '⁷-

2422 1714 2436 1731 9
2476 1726 2477 1729 ,

2419 1739 2432 1753 ιν

1369 2690 1461 2718 mus,
1495 2690 1600 2711 comes
1634 2680 1845 2717 Juliacensis,
1877 2681 2054 2719 prepositus
2090 2680 2222 2711 ecclesie
2259 2681 2370 2712 Sancte

1370 2734 1471 2765 Marie
1499 2735 1679 2773 Aquensis,
1709 2734 1894 2764 Leodiensis
1918 2733 2069 2768 diocesis,
2094 2733 2296 2764 Coloniensis
2317 2741 2368 2764 ec·

1369 2787 1465 2818 clesie
1487 2787 1656 2823 vassallus,
1677 2797 1750 2817 cum
1774 2788 1840 2817 suis
1863 2787 1894 2816 in
1919 2787 1979 2816 hac
2004 2791 2090 2825 parte
2115 2786 2322 2826 complicibus
2341 2788 2370 2816 et

1369 2841 1565 2877 fautoribus,
1590 2846 1699 2871 contra
1720 2841 1882 2870 fidelitatis
1902 2840 2047 2870 debitum
2070 2848 2132 2879 quo
2155 2840 2258 2870 eidem
2280 2838 2369 2870 Colo-

1369 2894 1475 2924 niensi
1490 2894 1621 2924 ecclesie
1640 2898 1775 2930 tenetur,
1794 2899 1911 2924 temere
1925 2893 2070 2928 veniens,
2090 2893 2366 2932 conspirationem,

1371 2948 1625 2987 conjurationem
1651 2952 1681 2977 et
1706 2947 1997 2978 confederationem
2023 2955 2095 2976 curn
2127 2946 2252 2976 civibus
2277 2944 2368 2977 Colo·

1370 3001 1551 3038 niensibus,
1578 3001 1730 3030 adversus
1755 2999 1973 3031 venerabilem
1999 2999 2127 3029 fratrem
2152 3003 2295 3029 nostrum
2321 2998 2366 3036 S.‚

1368 3053 1641 3093 archiepiscopum
1663 3053 1899 3090 Coloniensem,
1920 3057 1951 3083 et
1968 3052 2102 3082 eandem
2126 3052 2291 3083 ecclesiam
2311 3059 2366 3082 ne-
