2477 3637
269 393 326 421 548
1017 382 1250 413 nistitS'rRES
1273 381 1327 410 DE
1350 379 1532 410 NICOLAS
1555 379 1611 408 lV.

273 459 391 497 phano.
415 454 581 492 Clngiensi
604 453 715 487 electo,
739 450 913 488 capitulum
939 449 1088 479 ecclesiae
1110 447 1271 487 qnondam
1313 445 1318 493 Ι

272 508 502 543 Ρςι’«·ιν311ιιιιι,
520 506 710 535 canonicum
736 503 885 534 ecclesiae
908 503 1128 537 Modotiensis,
1151 501 1271 530 Medio-

270 563 411 593 lanensis
440 560 606 593 dioecesis,
640 567 694 596 per
727 558 810 586 viam
842 556 1061 594 compromissi
1091 555 1271 593 episcopum

269 615 464 645 concorditer
488 613 598 649 elegit,
622 620 685 650 qno
708 610 855 639 electioni
882 608 1066 646 hujusmodi
1092 607 1272 637 consentire

271 669 411 702 nolente,
431 667 461 695 in
482 666 532 695 G..
553 664 761 703 patriarcham
781 662 995 698 Gradensem,
1016 660 1273 699 compromittere

269 722 399 751 curavit.
421 720 478 749 Hic
494 724 599 748 antem
623 717 839 750 Lmnardnm,
861 715 1029 753 plebanum
1048 713 1148 752 plebis
1165 712 1273 742 Sancti

273 774 431 805 Eustachii
455 772 492 801 de
511 771 668 806 Venetus,
686 769 883 799 Castellanae
901 768 1069 803 dioecesiS,
1087 767 1199 805 elegit;
1219 766 1273 796 sed

268 827 457 866 quibusdam
482 824 642 853 canonicis
658 822 884 860 Clngiensihns
902 826 1010 851 contra
1029 820 1216 850 electionem
1234 819 1274 848 il-

270 881 331 909 lam
353 878 602 917 appellantibus,
623 882 652 906 et
674 876 897 915 appellationis
918 884 1013 904 cansa
1036 883 1143 903 coram
1163 874 1272 905 Petro,

270 936 300 963 5.
332 932 492 962 Eustachii
519 931 651 960 diacono
677 929 847 964 cardinali,
873 929 1009 967 partium
1028 927 1176 962 auditori,
1197 935 1273 965 pen·

269 988 372 1022 dente,
396 984 577 1015 Leonardus
595 984 628 1013 in
647 983 795 1012 manibus
814 982 866 1018 H„
885 981 968 1010 tituli
987 981 1120 1010 Sanctae
1137 980 1275 1009 Sabinae

271 1039 462 1079 presbyteri,
487 1042 517 1067 et
546 1037 688 1076 ejusdem
718 1036 817 1071 Petri,
844 1035 1073 1069 cardinalium,
1098 1034 1186 1063 omni
1210 1033 1275 1071 Jnri

271 1093 330 1123 sibi
354 1102 389 1122 ex
415 1091 569 1121 electione
593 1090 750 1128 praedicta
772 1089 915 1128 quaesito
939 1087 1144 1117 renuntiavit.
1166 1087 1276 1125 Itaque

272 1155 348 1185 papa
368 1146 560 1180 lIenricnm,
580 1144 725 1173 ordinem
746 1143 880 1172 fratrum
898 1142 1061 1171 minorum
1080 1140 1273 1179 professum,

272 1199 419 1229 ecclesiae
436 1197 599 1235 Clngiensi
615 1197 796 1234 episcopum
818 1195 968 1234 praeficit.

313 1265 325 1278 a
353 1252 394 1280 Ex
421 1255 562 1289 suscepte
587 1250 784 1279 servitutis...
807 1266 844 1270 —-
868 1249 936 1278 Dat.
962 1248 1045 1287 apnd
1068 1248 1276 1278 Urbemvete-

272 1315 349 1341 rem,
372 1315 420 1333 xvi
441 1304 593 1333 kalendas
611 1303 755 1338 octobris,
773 1310 858 1332 anno
878 1301 979 1331 tertio.
1001 1314 1014 1327 t)

314 1359 348 1387 ln
368 1367 393 1387 e.
412 1366 455 1386 m.
473 1356 610 1395 capitulo
627 1355 776 1385 ecclesiae
790 1355 971 1393 Clugiensis
988 1355 1118 1384 mandat
1134 1360 1166 1385 ut
1186 1364 1276 1393 prae-

270 1412 354 1441 dicto
373 1411 470 1441 electo
486 1410 626 1440 debitam
645 1409 858 1439 obedientiam
877 1409 1035 1447 praebeat.

312 1465 347 1494 In
365 1474 392 1494 e.
412 1473 452 1493 ιιι.
474 1463 558 1493 clero
572 1463 709 1492 civitatis
725 1467 755 1492 et
774 1462 925 1492 dioecesis
940 1462 1134 1500 Cltigiensis.

312 1518 348 1547 In
366 1528 392 1547 e.
412 1527 454 1546 m.
476 1516 588 1555 populo
604 1516 740 1545 civitatis
755 1519 784 1545 et
799 1515 951 1546 dioecesis
967 1515 1160 1553 Clugiensis.

343 1717 454 1745 3531

308 1778 462 1803 Licentiam
482 1776 563 1803 Petro
584 1776 618 1802 de
635 1776 788 1810 Parlagiis,
808 1776 888 1802 militi
909 1776 1018 1811 Templi
1034 1776 1276 1811 Jerosotimitani,

271 1827 304 1853 ad
322 1827 352 1852 S.
372 1826 518 1852 Benedicti
534 1825 661 1851 ordinem
677 1825 843 1852 transeundi
858 1825 998 1852 concedit.
1011 1825 1092 1859 (Rae.
1111 1826 1154 1857 45,
1171 1834 1196 1852 c.
1216 1826 1277 1857 494,

271 1877 288 1902 s.
311 1876 357 1902 100
376 1877 423 1905 tm)

752 1715 878 1745 Urvieto,
897 1714 927 1741 ‘37
945 1715 1108 1750 septembre
1128 1715 1204 1742 ¹290.

320 1991 484 2020 Venerabili
505 1991 600 2027 fratri
618 2013 637 2019 ..
657 1991 790 2028 episcopo
809 1991 939 2020 Albiensi
964 1991 1095 2020 mandat
1118 1996 1168 2029 ut,
1191 1992 1217 2021 si
1235 1992 1279 2022 ita

274 2043 404 2080 viderit,
434 2044 643 2082 inquisitione
671 2044 767 2078 sacta,
790 2044 883 2074 Petro
908 2044 946 2074 de
971 2044 1143 2083 Parlagiis,
1165 2046 1277 2082 militi,

273 2097 396 2127 ordinis
428 2097 562 2127 militiae
589 2098 713 2136 Templi
739 2097 1008 2134 Jerosolimitani,
1039 2099 1110 2138 qui,
1139 2108 1213 2130 cum
1244 2101 1277 2130 in

272 2150 385 2180 ordine
412 2159 468 2180 sno
497 2160 532 2180 ex
559 2151 650 2181 certis
672 2152 776 2181 causis
803 2151 922 2190 absque
947 2152 1163 2183 conscientiae
1188 2163 1278 2184 scru-

276 2203 348 2242 pulo
377 2213 540 2234 remanere
570 2213 632 2234 non
661 2209 780 2243 posset,
803 2205 1000 2243 praedictum
1024 2206 1188 2243 ordinem,
1214 2217 1278 2238 non

276 2258 371 2296 petita
391 2258 438 2287 sui
457 2258 586 2296 praelati
605 2258 746 2294 licentia,
764 2258 893 2297 reliquit
910 2259 987 2289 etad
999 2260 1163 2290 saeculum
1174 2262 1278 2299 rediit,

275 2310 441 2341 licentiam
458 2312 609 2341 concedat
626 2312 811 2342 transeundi
828 2313 867 2342 ad
887 2313 919 2343 S.
940 2313 1105 2343 Benedicti
1121 2315 1279 2352 ordinem,

275 2373 339 2395 non
370 2365 568 2395 obstantibus
609 2365 863 2404 quibuscumque
908 2367 1084 2405 privilegiis
1113 2369 1282 2399 contrariis

278 2418 428 2448 fratribus
445 2418 569 2456 Templi
585 2419 623 2448 ab
638 2419 807 2457 apostolica
825 2420 897 2449 sede
913 2421 1080 2450 concessis.

317 2486 328 2495 ι·
358 2472 502 2510 Exposita
520 2472 610 2501 nobis
629 2472 774 2502 dilecti...
799 2489 839 2495 —
865 2474 934 2502 liat.
961 2474 1042 2513 apud
1073 2475 1282 2506 Urbemvete-

276 2532 353 2559 reni,
375 2533 391 2551 v
409 2523 562 2553 kalendas
579 2523 726 2561 octobris,
750 2533 835 2554 anno
852 2525 951 2555 tertio.
973 2538 986 2552 »

348 2723 462 2751 3532

312 2783 524 2811 'tabellionatus
543 2786 675 2812 cilicium.
694 2786 775 2818 (lieo.
795 2788 836 2818 45»,
854 2796 879 2813 c.
897 2788 957 2820 405,
975 2788 993 2814 f.
1015 2789 1061 2815 100
1079 2791 1124 2821 r0.)

801 2726 931 2759 (tt-vieto,
954 2726 982 2752 15
999 2727 1114 2753 octobre
1134 2728 1209 2755 1390.

319 2887 458 2922 Symzuni.
484 2889 614 2924 episcopo
641 2889 823 2925 l’nrisiensi,
852 2889 1000 2920 sacnltem
1022 2891 1118 2921 dandi
1145 2893 1285 2924 tabellio-

283 2943 372 2965 natus
391 2939 527 2967 ollicinni
544 2940 666 2969 duabus
683 2942 826 2979 personis
842 2943 996 2973 concedit.

322 3007 323 3010 =
360 2992 402 3019 lix
423 2997 506 3029 parte
525 2998 612 3022 tna...
632 3011 667 3014 —
692 2994 759 3023 Dat.
778 2996 860 3033 apud
880 2996 1160 3035 Urbemveteieni,
1179 3000 1285 3031 idibus

280 3042 424 3078 octobris.
443 3054 526 3073 anno
544 3047 641 3075 tvrtio.
667 3059 677 3072 ιι

1431 445 1552 473 3533

1393 508 1498 534 Abbati
1517 507 1681 534 monasterii
1700 506 1877 541 Figiacensis
1899 508 2069 540 potestatem
2087 505 2240 532 exercendi
2261 513 2368 533 censu-

1357 565 1415 583 ram
1441 556 1666 582 ecclesiasticam
1697 558 1797 581 contra
1821 555 1973 589 consules,
1996 554 2160 589 burgenses
2184 559 2212 581 et
2237 555 2367 582 homines

1358 606 1438 631 villae
1457 604 1637 639 Figiacensis
1652 604 1795 630 concedit.
1815 603 1897 633 dtas.
1916 603 1959 635 45,
1977 611 2003 630 e.
2022 603 2089 637 496,
2106 604 2125 630 s.
2145 603 2195 630 100
2212 604 2262 636 v0.)

1845 443 1972 474 Ori-teto,
1992 442 2023 469 13
2039 442 2202 478 septembre
2219 442 2295 470 1290.

1399 731 1419 736 ..
1437 709 1538 737 abbati
1556 708 1736 737 monasterii
1754 708 1954 744 Fiqfacensis,
1980 707 2018 736 ad
2035 715 2196 736 romanam
2218 707 2370 736 ecclesiam

1357 759 1442 790 nullo
1466 761 1560 789 medio
1580 761 1781 798 pertinentis,
1799 759 2007 789 Clunz'acensi's
2023 760 2159 795 ordinis,
2178 759 2370 789 eatur-oensis

1357 815 1491 843 diocesis.
1527 825 1539 839 α
1571 813 1733 843 Habentes
1763 813 1797 842 in
1829 812 2034 843 desideriis..
2066 811 2150 842 Sane
2179 811 2289 850 petitio
2319 815 2371 842 tua

1359 867 1449 897 nobis
1469 866 1613 896 exhibita
1629 866 1813 896 continebat
1828 865 1924 905 quod,
1943 865 2017 895 licet
2033 866 2067 895 in
2085 864 2163 894 villa
2177 864 2369 903 Figiacensi,

1358 929 1420 958 qne
1441 928 1514 949 cum
1539 928 1596 949 suo
1618 919 1778 949 territorio
1800 919 1920 958 prefato
1941 918 2135 948 monasterio
2157 917 2372 958 temporaliter

1359 974 1487 1003 subesse
1508 973 1703 1009 dinoscitur,
1734 973 1773 1002 ad
1794 973 1940 1003 abbatem
1967 972 2189 1011 Figiacensem
2214 971 2372 1012 pertineat

1358 1027 1543 1057 omnimoda
1568 1027 1752 1066 jurisdictio
1784 1026 1989 1066 temporalis,
2022 1025 2170 1057 consules
2198 1029 2306 1056 tamen
2335 1033 2372 1056 ac

1359 1081 1536 1118 burgenses
1553 1085 1583 1110 et
1600 1080 1748 1110 homiues
1772 1081 1922 1119 ejusdem
1943 1079 2035 1114 ville,
2056 1079 2094 1110 de
2115 1079 2180 1109 suis
2202 1078 2324 1109 divitiis
2343 1083 2374 1110 et

1360 1133 1501 1172 potentia
1520 1133 1729 1171 confidentes,
1747 1142 1779 1163 se
1795 1133 1981 1172 frequenter
1999 1133 2153 1163 hactenus
2168 1136 2279 1163 contra
2300 1140 2372 1172 pre-

1359 1188 1541 1217 decessores
1562 1191 1630 1217 tnos
1649 1187 1749 1226 ipsius
1767 1187 1955 1217 monasterii
1971 1186 2099 1216 abbates
2117 1190 2147 1216 et
2167 1186 2288 1216 dictum
2304 1193 2371 1216 mo·
2406 1211 2411 1215 .

1360 1242 1535 1271 nasterium
1553 1241 1586 1270 in
1605 1241 1756 1280 superbia
1773 1245 1959 1278 erexerunt,
1977 1239 2161 1270 eorumdem
2178 1239 2329 1270 abbatum
2343 1242 2373 1270 et

1360 1303 1491 1324 snorum
1507 1294 1695 1324 officialium
1710 1294 1879 1324 sententiis
1895 1302 1930 1323 ac
1945 1293 2177 1324 monitionibus
2192 1291 2373 1322 salubribus

1360 1353 1390 1378 et
1406 1348 1561 1387 preceptis
1582 1356 1644 1377 non
1662 1352 1811 1378 curantes
1827 1355 2015 1386 quanquam
2038 1346 2135 1376 licitis
2150 1345 2294 1382 obedire,
2311 1344 2373 1375 im-

1360 1390 1535 1431 munitates
1550 1401 1665 1439 etjura
1681 1400 1782 1439 ipsius
1801 1399 1989 1430 monasterii
2006 1398 2215 1437 infringendo
2233 1402 2263 1428 et
2280 1397 2374 1428 inde-

1360 1455 1423 1484 bite
1438 1454 1633 1493 occupando,
1652 1454 1685 1483 in
1704 1462 1814 1484 eorum
1831 1453 2091 1492 predecessorum
2108 1457 2138 1483 et
2155 1452 2233 1482 dicti
2249 1460 2375 1483 monas-

1361 1508 1434 1538 terii
1459 1507 1677 1546 prejudicium
1706 1515 1769 1536 non
1799 1507 1962 1537 modicum
1997 1510 2026 1536 et
2056 1513 2241 1544 gravamen.
2269 1503 2374 1541 Quare

1361 1561 1453 1591 nobis
1476 1561 1643 1590 humiliter
1667 1560 1851 1599 supplicasti
1876 1564 1911 1590 ut
1936 1559 2103 1599 providere
2123 1567 2218 1598 super
2241 1558 2302 1589 hoc
2320 1558 2374 1588 in-

1360 1615 1552 1653 dempnitati
1575 1614 1720 1653 ejusdem
1744 1613 1933 1644 monasterii
1953 1612 2204 1643 misericorditer
2226 1611 2374 1650 dignare-

1362 1678 1446 1699 mur.
1466 1668 1531 1697 Nos
1547 1669 1666 1706 itaque,
1687 1671 1945 1706 presumptorum
1962 1666 2126 1696 conatibus
2142 1665 2283 1696 volentes
2299 1672 2375 1694 con-

1361 1721 1450 1760 gruis
1467 1721 1620 1751 remediis
1635 1720 1766 1751 obviare
1785 1725 1902 1759 tueque
1918 1728 1973 1758 per
1991 1727 2192 1758 consequens
2209 1717 2376 1757 providere

1360 1775 1480 1814 quieti,
1505 1779 1539 1804 ut
1568 1774 1603 1803 in
1633 1773 1781 1804 consules
1809 1777 1839 1803 et
1864 1773 2041 1811 burgenses
2065 1780 2101 1802 ac
2128 1771 2278 1802 homines
2301 1769 2376 1800 ville

1361 1828 1480 1867 pretate
1510 1827 1569 1866 qui
1607 1827 1666 1857 tuis
1699 1831 1753 1857 aut
1785 1834 2004 1857 successorum
2036 1829 2163 1856 tuorum
2189 1823 2376 1855 officialium

1362 1881 1544 1917 sententiis,
1567 1881 1697 1911 monitis
1719 1885 1750 1910 et
1764 1880 1921 1919 preceptis
1939 1880 2035 1910 licitis
2051 1888 2162 1918 parere
2177 1882 2376 1918 contempse-

1363 1936 1438 1973 rint,
1454 1944 1507 1965 seu
1524 1935 1746 1965 immunitates
1761 1935 1874 1973 etjura
1887 1934 1963 1964 dicti
1976 1933 2163 1964 monasterii
2175 1931 2376 1969 violaverint,

1363 1987 1412 2018 vel
1426 1997 1462 2018 ea
1475 1988 1617 2017 indebite
1631 1988 1868 2027 occupaverint,
1881 1992 1912 2017 tu
1925 1991 1955 2017 et
1968 1995 2165 2017 successores
2178 1985 2224 2016 tui
2237 1985 2375 2024 possitis,

1363 2042 1471 2080 previa
1487 2041 1620 2077 ratione,
1641 2041 1819 2071 monitione
1834 2040 2001 2079 premissa,
2023 2048 2193 2070 censuram
2211 2038 2376 2070 ecclesias-

1364 2096 1458 2125 ticam
1482 2095 1582 2124 libere
1605 2103 1770 2131 exercere,
1790 2093 1878 2124 vobis
1897 2093 2083 2124 auctoritate
2104 2092 2302 2132 presentium
2323 2091 2376 2121 in-

1363 2147 1544 2186 dulgemus.
1576 2147 1736 2178 Nolumus
1765 2151 1873 2177 autem
1903 2146 1987 2185 quod
2022 2155 2078 2185 per
2108 2146 2168 2176 hoc
2199 2143 2376 2175 venerabili

1364 2201 1452 2231 fratri
1470 2204 1577 2231 nostro
1593 2223 1612 2231 ..
1627 2200 1772 2239 episcopo
1787 2199 1976 2229 Caturcensi
1993 2199 2126 2238 ejusque
2139 2197 2376 2228 successoribus

1364 2254 1492 2294 aliquod
1519 2253 1724 2293 prejuditium
1752 2257 1940 2291 generetur,
1959 2252 2135 2292 quominus
2159 2252 2195 2281 iu
2217 2250 2374 2288 consules,

1364 2309 1543 2346 burgenses
1559 2312 1589 2337 et
1609 2307 1760 2338 homines
1780 2307 1881 2345 ipsius
1905 2306 1981 2336 ville
2004 2306 2102 2345 possit
2121 2305 2376 2344 jurisdictionem

1365 2362 1577 2397 ordinariam,
1596 2365 1688 2400 prout
1707 2361 1746 2390 ad
1769 2369 1843 2390 eum
1864 2363 1999 2399 spectat,
2020 2359 2058 2389 de
2079 2360 2152 2398 jure
2169 2358 2269 2388 libere
2287 2366 2376 2388 exer-

1366 2424 1448 2445 cere.
1481 2414 1570 2444 Nulli
1599 2422 1691 2452 ergo,
1716 2418 1789 2451 etc.‚
1817 2417 1923 2443 nostre
1952 2412 2185 2449 concessionis,
2213 2415 2271 2442 etc.
2303 2410 2374 2440 Dat.

1366 2468 1450 2507 apud
1468 2468 1746 2502 Urbemveterem,
1766 2467 1874 2496 idibus
1893 2466 2101 2505 septembris,
2119 2474 2207 2496 anuo
2222 2464 2324 2496 tertio.
2340 2475 2355 2491 »

1438 2667 1690 2698 3534-3536
1899 2666 2026 2697 Orvieto,
2044 2665 2074 2693 31
2093 2664 2210 2692 octobre
2228 2663 2306 2692 1290.

1403 2732 1445 2758 De
1475 2732 1641 2758 liberatione
1673 2729 1847 2757 marchionis
1875 2729 1982 2756 Montis
2005 2727 2113 2755 Ferrati
2141 2728 2170 2755 in
2200 2735 2315 2754 carcere
2342 2726 2376 2754 ab

1368 2780 1558 2808 Alexandriae
1575 2780 1688 2807 civibus
1703 2780 1821 2806 detenti.
1840 2779 1924 2813 (Rea.
1941 2779 1983 2809 45,
2002 2787 2027 2805 c.
2046 2779 2109 2813 497,
2125 2778 2144 2804 s.
2164 2777 2214 2804 100
2228 2780 2279 2807 νῦ).

1409 2898 1529 2926 Dilectis
1544 2897 1620 2934 siliis
1634 2918 1655 2927 ..
1668 2897 1819 2934 potestati,
1832 2896 1958 2925 consilio
1972 2899 1997 2923 et
2013 2893 2373 2924 communiAlexandrie.

1369 2951 1430 2980 Eos
1455 2950 1598 2980 hortatur
1626 2955 1658 2979 ut
1675 2949 1905 2984 Guillelrnum,
1926 2947 2147 2977 marchionem
2164 2946 2283 2977 Montis
2301 2945 2377 2976 Fer-

1369 3005 1444 3040 rati,
1463 3013 1557 3042 quein
1575 3004 1608 3033 in
1629 3011 1754 3033 carcere
1770 3002 1932 3038 detinent,
1954 3001 2091 3030 libertati
2107 3000 2276 3030 restituant
2299 3003 2331 3030 et
2353 3022 2372 3028 ..

1368 3059 1514 3098 episcopo
1534 3058 1754 3094 Urbevetano,
1774 3057 1813 3086 ad
1835 3056 1918 3095 ipsos
1941 3059 2067 3094 propter
2089 3054 2148 3085 hoc
2167 3063 2185 3084 a
2201 3062 2280 3093 papa
2304 3053 2374 3084 des-
