2477 3637
266 386 302 414 82
1017 380 1252 410 REGtS'rREs
1276 381 1331 410 DE
1354 380 1537 410 N1C01.AS
1563 380 1618 409 IV.

272 452 376 482 tiones
393 450 625 480 sententiarum
643 457 721 487 quas
737 451 845 478 contra
863 450 985 476 notatos
1010 451 1041 476 et
1063 451 1222 485 suspectos
1237 447 1276 477 de

270 504 405 534 heretica
420 502 585 542 pravitate,
603 501 778 536 credentes,
797 500 934 529 fautores
950 503 980 529 et
998 503 1208 538 receptatores
1225 509 1276 531 eo-

269 567 339 588 rum
365 556 527 597 profertis,
550 565 567 585 a
588 555 675 585 vobis
696 563 790 592 super
808 553 868 583 hoc
890 553 1036 591 requisiti
1058 562 1091 582 se
1114 553 1276 583 interdum

269 611 407 641 reddunt
428 609 574 639 difficiles
600 612 631 638 et
650 608 744 637 etiam
763 605 1000 644 negligentes...
1022 606 1177 642 Quocirca
1199 606 1276 636 uni-

270 664 410 694 versitati
431 667 534 692 vestre
558 670 611 700 per
631 659 801 699 apostolica
822 659 936 698 scripta
956 659 1147 689 mandamus
1166 664 1276 698 quate·

271 726 330 747 uus
353 715 562 752 castellanos,
587 718 741 746 rectores.
767 713 918 748 vicarios,
941 712 1085 751 judices,
1109 712 1275 750 consules,

269 769 419 800 officiales
433 791 440 801 .
457 776 660 807 quocumque
677 767 808 797 nomine
825 770 1030 801 censeantur,
1049 771 1079 796 et
1096 766 1230 796 consilia
1247 770 1278 796 et

270 823 517 854 communitates
543 821 702 860 predicta,
729 820 812 859 quod
842 819 1026 858 hujusmodi
1053 819 1228 850 sententias
1259 829 1278 849 a

268 877 354 907 vobis
374 876 453 905 latas
469 880 498 905 et
517 874 662 904 serendas
681 874 774 903 etiarn
787 896 795 910 ,
813 873 936 903 sublato
957 872 1129 911 cujuslibet
1151 872 1277 902 dilatio—

269 929 319 959 nis
337 933 368 958 et
383 927 581 958 difficultatis
596 926 766 962 obstaculo,
786 926 964 956 executioni
981 925 1186 962 demandent,
1207 934 1276 956 mo-

271 984 396 1014 nitione
423 983 598 1022 premissa,
625 991 680 1020 per
704 980 1041 1011 excommunicationis
1067 981 1100 1010 in
1128 987 1276 1019 personas

267 1035 512 1066 castellanorum
524 1059 531 1071 ,
548 1035 759 1069 vicariorum,
773 1033 938 1073 judicum,
958 1032 1143 1069 consulum,
1160 1032 1277 1062 officia-
1318 1025 1319 1029 ¹

268 1090 348 1120 lium
366 1094 396 1119 et
411 1088 668 1119 consiliariorum
687 1096 722 1117 ac
736 1087 921 1126 privationis
937 1087 976 1116 ab
991 1086 1105 1116 officiis
1116 1109 1123 1122 ,
1143 1090 1172 1116 et
1187 1086 1220 1115 in
1235 1086 1275 1115 ci-

268 1143 397 1179 vitates,
420 1146 522 1172 castra
545 1146 575 1171 et
597 1141 664 1171 loca
687 1139 873 1178 hujusmodi
895 1139 1058 1169 interdicti
1079 1139 1253 1169 sententias
1267 1162 1274 1175 ,

266 1195 478 1236 appellatione
498 1200 633 1232 remota,
650 1194 808 1232 cogatis...
827 1194 898 1223 Dat.
918 1197 1073 1231 utsupra.
1093 1204 1106 1219 n

302 1343 384 1371 431
605 1339 953 1373 Sainte-Marie-Majeure,
966 1339 999 1366 ‘23
1010 1338 1162 1365 decembre
1180 1338 1256 1366 1288.

302 1404 526 1439 Inquisitoribus
560 1404 720 1429 haereticae
760 1402 907 1437 pravitatis
946 1401 1017 1428 infra
1055 1401 1274 1432 Arelatensem,

268 1455 436 1489 Aquensem
463 1457 491 1479 et
514 1452 750 1479 Ebredunensem
779 1452 942 1486 provincias
969 1451 1135 1477 constitutis
1162 1451 1276 1478 mandat

266 1506 409 1538 quatenus
423 1506 480 1529 tam
496 1505 592 1528 turres
608 1509 693 1536 quam
706 1501 819 1534 domus,
832 1501 860 1526 in
874 1500 980 1534 quibus
996 1500 1159 1526 haereticus
1176 1500 1276 1526 iuven-

265 1556 312 1578 tus
329 1551 424 1584 fuerit,
441 1551 637 1577 destruantur.
657 1549 737 1581 (Rec-
751 1550 794 1582 44,
812 1557 837 1576 c.
855 1548 917 1580 265,
935 1549 954 1575 f.
966 1548 999 1575 63
1015 1555 1056 1581 r⁰;
1075 1547 1153 1579 Por„
1166 1548 1276 1583 22843.)

304 1640 434 1670 Eisdem.
463 1652 474 1665 «ι
512 1638 593 1668 Cum
627 1639 660 1668 in
694 1637 977 1668 constitutionibus
1005 1637 1073 1675 jam
1105 1637 1227 1667 dudum
1257 1647 1275 1667 a

266 1693 368 1724 felicis
387 1691 617 1722 recordationis
640 1691 828 1721 Innocentio
852 1700 931 1729 papa
948 1690 1031 1727 IIII,
1055 1691 1275 1729 predecessore

265 1751 383 1782 nostro,
401 1749 510 1776 contra
527 1744 682 1774 hereticos
700 1744 921 1783 promulgatis,
940 1744 1024 1774 inter
1038 1743 1102 1774 alia
1117 1744 1276 1774 contineri

266 1799 389 1829 dicatur
405 1807 551 1837 expresse
569 1802 604 1827 ut
619 1797 733 1827 domus
755 1798 789 1827 in
805 1806 869 1836 qua
885 1797 1044 1827 hereticus
1062 1797 1111 1827 vel
1134 1797 1276 1837 heretica

266 1853 418 1883 inventus
431 1852 525 1882 fuerit
537 1860 573 1881 ac
586 1852 613 1881 ei
628 1852 787 1889 contigue,
799 1853 823 1880 si
840 1851 960 1881 suerint
973 1851 1116 1890 ejusdem
1128 1851 1274 1889 dominii,

266 1906 335 1936 sine
354 1915 408 1944 spe
422 1905 633 1944 reparationis
649 1905 793 1934 funditus
813 1904 1028 1941 destruantur,
1049 1909 1155 1934 nostro
1173 1905 1276 1944 petiis-

267 1960 306 1989 tis
322 1959 492 1989 certificari
515 1967 666 1997 responso
684 1958 761 1996 quid
781 1959 820 1987 sit
841 1957 878 1987 de
899 1958 1038 1988 turribus
1058 1958 1092 1987 in
1117 1967 1190 1988 casu
1213 1959 1275 1989 hu-

263 2012 405 2051 ¹jusmodi
428 2011 677 2042 observandum.
707 2011 757 2041 Ad
779 2011 863 2050 quod
884 2011 1025 2041 breviter
1046 2012 1276 2050 respondemus

265 2067 349 2105 quod
375 2069 482 2096 nostre
506 2066 696 2096 intentionis
719 2066 820 2095 extitit
844 2070 874 2095 et
897 2066 1002 2095 existit
1029 2070 1062 2095 ut
1084 2066 1117 2095 in
1144 2075 1180 2096 eo
1202 2075 1275 2096 casu

267 2120 351 2150 idem
377 2120 411 2150 in
438 2120 574 2150 terrihus
602 2125 631 2150 et
657 2121 692 2149 in
714 2119 863 2149 domibus
881 2119 1041 2158 judicium
1067 2119 1274 2157 observetur3

267 2173 447 2212 lignamina
463 2181 547 2209 vero,
565 2173 687 2212 lapides
705 2177 735 2203 et
751 2172 872 2211 tegulas
891 2173 1059 2203 domorum
1076 2177 1106 2202 et
1122 2173 1275 2211 turrium,

267 2236 348 2266 quae
369 2227 473 2257 taliter
488 2227 704 2264 destruentur,
722 2235 758 2257 eo
776 2226 869 2257 modo
885 2226 1037 2256 distribui
1054 2226 1275 2263 decernimus,

268 2288 331 2319 quo
353 2290 403 2310 res
427 2279 507 2309 alias
530 2280 649 2310 ibidem
679 2280 826 2309 inventas
852 2280 954 2310 dividi
977 2279 1140 2309 mandavit
1163 2279 1276 2318 prede-

267 2341 372 2363 cessor
399 2333 539 2372 prelatus
565 2333 600 2362 in
627 2333 908 2363 constitutionibus
930 2332 1110 2363 antedictis.
1141 2333 1213 2362 Dat.
1244 2337 1277 2362 ut

268 2394 374 2425 supra.
397 2398 409 2413 n

302 2541 390 2569 432

304 2602 528 2638 Inquisitoribus
561 2602 722 2629 haereticae
761 2602 908 2636 pravitatis
948 2603 1019 2629 intra
1057 2604 1276 2636 Arelatensem,

599 2538 956 2573 Sainte-Maric-Majeurc,
972 2539 1006 2566 23
1017 2539 1169 2566 decembre
1180 2539 1258 2567 1288.

268 2651 436 2686 Aquensem
453 2657 481 2678 et
504 2650 742 2678 Ebredunensem
766 2652 926 2686 provincias
947 2653 1114 2679 constitutis
1134 2661 1277 2687 quaeren-

267 2701 345 2727 tibus
361 2700 509 2735 respondit
525 2700 672 2735 praesides
688 2701 954 2728 ex‹·0minunicatos
970 2701 1014 2727 vel
1031 2705 1201 2736 potestatem
1222 2711 1277 2729 non

269 2750 416 2783 babentes,
430 2751 574 2784 justitiam
588 2754 687 2777 contra
703 2750 863 2777 haereticos
874 2759 1008 2777 exercere
1018 2759 1112 2786 posse.
1132 2751 1214 2784 (Rae.
1233 2752 1275 2786 44,

269 2806 294 2825 c.
310 2798 372 2830 ⁶266,
390 2799 408 2826 f.
427 2799 459 2826 63
476 2806 518 2830 r⁰;
539 2798 618 2831 Por„
634 2799 745 2832 22844.)

310 2900 438 2929 Eisdem.
461 2912 472 2926 a
494 2900 681 2937 Quesivistis
697 2911 736 2931 an
755 2901 890 2941 alicujus
907 2903 1015 2941 regni,
1031 2903 1208 2942 provintie,
1225 2906 1280 2933 aut

271 2953 329 2983 loci
348 2953 497 2990 regimini
513 2954 710 2992 presidentes
726 2955 1004 2992 excommunicati,
1025 2955 1075 2985 vel
1090 2955 1168 2985 alias
1179 2956 1279 2994 juris-

271 3005 444 3036 dictionem
466 3006 625 3045 aliquam,
653 3016 707 3045 pro
731 3017 766 3038 eo
791 3008 875 3047 quod
899 3009 1030 3039 fortasse
1053 3008 1218 3039 dumtaxat
1239 3008 1279 3039 de

271 3059 351 3090 facto
367 3058 545 3098 president,
566 3068 629 3090 non
647 3060 813 3096 habentes,
831 3065 861 3091 et
875 3061 1028 3091 officiales
1045 3070 1155 3092 eorum
1172 3062 1276 3101 requi-

1359 447 1410 476 siti
1428 455 1482 485 per
1497 446 1675 476 ordinarios
1692 445 1741 476 vel
1760 445 1918 484 delegatos
1936 455 2047 477 eorum
2062 471 2068 484 ‚
2088 452 2143 477 aut
2157 447 2363 487 inquisitores

1359 500 1498 530 heretice
1518 499 1679 539 pravitatis
1697 508 1715 529 a
1735 499 1808 529 sede
1822 499 1994 539 apostolica
2009 500 2190 540 deputatos,
2205 501 2364 540 Justitiam

1359 558 1468 583 contra
1497 553 1671 589 hereticos,
1704 552 1887 590 credentes,
1915 553 2114 591 defensores,
2151 554 2289 585 fautores
2316 554 2364 585 vel

1358 611 1566 645 receptatores
1588 615 1698 637 eorum
1727 606 1846 645 possint
1867 611 1897 636 et
1919 606 2057 637 debeant
2079 616 2246 644 exercere;
2270 613 2301 637 et
2323 616 2364 638 an

1358 660 1559 698 requirentes
1575 660 1701 690 eosdem
1718 660 2009 691 excommunicatos
2022 665 2148 699 propter
2161 661 2220 691 hoc
2237 666 2363 692 senten-

1359 713 1436 743 tiam
1461 714 1801 744 excommunicationis
1828 714 2005 743 incurrant.
2032 714 2072 743 In
2101 714 2240 744 favorem
2265 714 2366 753 igitur

1359 765 1434 796 fidei
1455 767 1605 797 duximus
1626 767 1830 797 statuendum
1854 772 1887 796 ut
1915 766 1991 797 tales
2014 768 2047 796 in
2073 767 2137 797 hiis
2162 767 2306 804 casibus,
2331 768 2364 797 in

1359 819 1476 857 quibus
1493 820 1612 850 suerint
1626 821 1773 860 requisiti
1791 830 1845 860 per
1858 820 2055 858 ordinarios,
2072 820 2233 859 delegatos
2249 821 2298 851 vel
2314 821 2364 851 in-

1358 873 1528 911 quisitores
1550 875 1692 909 eosdem,
1716 874 1754 903 ad
1775 874 1956 913 superiores
1979 875 2034 913 qui
2063 874 2207 912 legitime
2228 874 2263 904 in
2286 874 2365 905 locis

1359 926 1436 964 ipsis
1454 927 1612 964 justitiam
1633 937 1779 958 exercere
1806 928 1927 966 possint
1962 936 2127 958 recursum
2157 928 2274 958 habere
2295 928 2366 959 sine

1359 988 1463 1015 more,
1485 981 1652 1019 dispendio
1671 981 1720 1010 vel
1737 980 1878 1019 periculo
1898 981 2018 1018 negotii
2037 990 2101 1011 non
2119 981 2272 1019 valentes,
2296 990 2365 1021 pos—

1359 1033 1424 1062 sint
1442 1039 1472 1063 et
1489 1034 1625 1064 debeant
1639 1040 1748 1065 contra
1770 1035 1941 1070 hereticos,
1964 1035 2149 1071 credenteS,
2165 1035 2363 1073 defensores,

1358 1086 1495 1116 fautores
1511 1092 1542 1117 et
1559 1092 1766 1127 receptatores
1783 1088 1910 1119 eosdem
1930 1097 2024 1118 suum
2040 1088 2182 1118 officium
2198 1096 2364 1126 exercere,

1357 1148 1430 1169 cum
1454 1139 1486 1169 id
1504 1141 1543 1170 ad
1569 1141 1792 1171 exaltationem
1818 1141 1891 1171 fidei
1913 1146 1943 1171 et
1961 1141 2096 1171 salutem
2116 1141 2273 1180 pertineat
2293 1141 2365 1171 ani-

1357 1201 1503 1230 marum,
1530 1198 1561 1223 et
1583 1195 1781 1233 requirentes
1802 1204 1854 1225 eos
1881 1199 2006 1233 propter
2026 1194 2085 1224 hoc
2108 1194 2366 1225 excommnnica-

1358 1246 1454 1276 tionis
1466 1247 1659 1276 sententiam
1673 1256 1736 1278 non
1749 1249 1929 1278 incurrant.
1947 1248 2019 1278 Non
2035 1248 2165 1278 credant
2177 1253 2284 1278 autem
2300 1257 2367 1287 pre-

1358 1299 1498 1330 sidentes
1526 1305 1554 1330 et
1585 1301 1738 1331 officiales
1764 1302 1896 1340 predicti
1924 1312 1977 1341 per
2009 1302 2068 1332 hoc
2098 1301 2183 1340 quod
2209 1309 2266 1341 pro
2291 1300 2367 1331 fidei

1358 1353 1488 1384 vitando
1516 1354 1655 1393 periculo
1685 1355 1855 1386 salubriter
1879 1360 1925 1386 est
1956 1356 2117 1394 provisum
2151 1355 2211 1385 sibi
2237 1354 2365 1392 essein

1357 1407 1431 1437 aliis
1447 1407 1573 1444 casibus
1589 1416 1775 1438 concessum
1790 1409 1913 1448 aliquid
1938 1409 1986 1439 vel
2002 1409 2211 1448 permissum.
2234 1409 2307 1439 Dat.
2334 1403 2368 1439 'ut

1357 1471 1464 1500 supra.
1485 1475 1497 1488 »

1394 1622 1483 1649 433
1499 1611 1501 1614 ’

1394 1684 1565 1711 Provinciali
1583 1685 1714 1711 ministro
1730 1689 1757 1711 et
1772 1685 1876 1712 ceteris
1893 1685 2063 1712 custodibus
2084 1689 2112 1712 et
2132 1683 2298 1720 guardianis
2320 1693 2367 1712 or-

1358 1733 1433 1759 dinis
1454 1735 1595 1760 minorum
1614 1724 1641 1760 in
1663 1733 1814 1760 Provincia
1836 1734 1949 1760 mandat
1973 1738 2003 1760 ut
2023 1733 2243 1769 inquisitoribus
2265 1733 2368 1760 haere-

1358 1783 1430 1809 ticae
1447 1784 1594 1818 pravitatis
1610 1783 1682 1809 duos
1698 1787 1725 1809 et
1741 1784 1826 1809 etiam
1844 1784 1940 1818 plures
1957 1783 2053 1810 socios
2068 1783 2205 1810 tribuant.
2221 1782 2304 1816 (Rae.
2322 1781 2366 1817 44,

1358 1840 1384 1858 c.
1403 1832 1465 1863 ⁶267,
1484 1832 1502 1858 t.
1519 1832 1552 1859 63
1568 1839 1612 1863 r⁰;
1631 1832 1710 1865 Por„
1727 1832 1835 1860 22847.)

1672 1621 2034 1657 Sainte-Marie-Majeure,
2052 1622 2085 1649 ‘23
2101 1622 2253 1649 decembre
2272 1621 2348 1649 1‘288.

1401 1935 1519 1964 Dilectc‘s
1531 1936 1606 1972 filiis
1623 1957 1643 1964 ..
1658 1935 1857 1973 provinciali,
1880 1935 2020 1963 ministro
2036 1939 2061 1962 el
2078 1935 2182 1963 celeris
2198 1933 2368 1963 custodibus

1359 1994 1384 2018 et
1398 1989 1582 2025 yttat‘diant's
1598 1998 1761 2027 eorumque
1784 1989 1908 2018 vicariis
1924 1988 2041 2017 ordinis
2057 1988 2214 2016 minorum
2237 1988 2271 2016 in
2292 1987 2367 2016 Pro-

1360 2043 1460 2072 vintt'a
1491 2048 1516 2073 et
1543 2044 1811 2072 administratione
1845 2043 1949 2080 ipsius.
1980 2054 1992 2068 α
2025 2041 2074 2071 Ne
2104 2040 2259 2071 catholice
2291 2040 2366 2070 fidei

1361 2096 1524 2134 negotium
1548 2095 1673 2125 dilectis
1698 2095 1774 2125 filiis
1797 2095 1947 2125 fratribus
1964 2095 2060 2125 vestri
2082 2094 2206 2125 ordinis
2227 2094 2263 2123 in
2287 2093 2367 2124 Pro-

1360 2149 1461 2180 vintia
1497 2154 1527 2179 et
1564 2149 1843 2180 administratione
1878 2149 1976 2187 ipsius
2015 2148 2055 2178 ab
2091 2147 2263 2187 apostolica
2292 2146 2371 2179 sede

1360 2203 1568 2234 commissum
1598 2213 1633 2233 ex
1665 2211 1873 2241 personarum
1903 2202 2025 2231 deiectu
2063 2202 2249 2239 contingat,
2280 2200 2365 2240 quod

1359 2257 1458 2293 absit,
1489 2256 1727 2296 quomodolibet
1759 2255 1908 2294 impediri
1938 2255 2085 2285 volumus
2114 2259 2144 2284 et
2171 2255 2367 2294 presentium

1360 2311 1448 2341 vobis
1470 2311 1655 2341 auctoritate
1675 2310 1816 2340 districte
1845 2308 2050 2348 precipiendo
2074 2308 2266 2338 mandamus
2289 2316 2368 2347 qua-

1362 2370 1454 2396 tenus
1484 2369 1533 2402 tu,
1565 2364 1613 2394 fili
1646 2364 1792 2393 minister
1817 2363 2036 2402 provintialis,
2066 2361 2203 2400 singulis
2231 2370 2269 2392 ex
2297 2370 2368 2400 pre·

1361 2419 1454 2449 dictis
1482 2418 1632 2448 fratribus
1666 2417 1745 2448 duos
1780 2417 1880 2447 socios
1912 2416 2044 2453 fratres,
2084 2415 2233 2445 videlicet
2268 2414 2368 2454 ipsius

1360 2473 1493 2508 ordinis,
1512 2471 1657 2511 providos
1673 2475 1703 2500 et
1717 2470 1867 2500 discretos
1882 2479 1917 2500 ac
1932 2469 2036 2500 eidem
2049 2468 2176 2507 negotio
2189 2477 2367 2507 congruen-

1361 2531 1421 2564 tes,
1441 2525 1480 2556 de
1504 2525 1619 2564 quibus
1642 2524 1688 2554 hii
1712 2524 1829 2562 quibus
1853 2523 2005 2561 assignati
2029 2522 2150 2553 fuerint
2175 2522 2289 2552 merito
2315 2530 2368 2552 va-

1359 2580 1445 2610 leant
1468 2578 1640 2614 consolari,
1666 2577 1790 2607 sublata
1812 2577 2000 2607 difficultate
2021 2575 2181 2616 qualibet,
2205 2575 2369 2614 assignare

1359 2642 1519 2673 procures.
1538 2633 1575 2662 Et
1597 2631 1825 2662 nichilominus
1849 2636 1911 2660 tam
1942 2635 1974 2660 tu
1998 2638 2095 2669 quam
2116 2638 2171 2659 vos
2188 2628 2243 2659 alii
2265 2633 2368 2659 custo-

1360 2688 1432 2726 des,
1449 2686 1620 2725 guardiani
1639 2690 1668 2715 et
1684 2685 1815 2722 vicarii,
1837 2685 1984 2724 quotiens
2000 2683 2039 2713 ah
2058 2682 2181 2713 eisdem
2198 2682 2367 2720 fratribus,
2413 2694 2418 2699 ·

1359 2741 1474 2780 quibus
1493 2740 1615 2770 dictum
1636 2744 1682 2768 est
1696 2740 1904 2769 commissum
1921 2738 2102 2776 negotium,
2121 2735 2246 2767 fueritis
2265 2734 2370 2774 requi—

1360 2795 1427 2831 siti,
1452 2798 1482 2824 et
1503 2793 1586 2823 dicto
1609 2793 1734 2830 negotio
1756 2792 1854 2821 fuerit
1877 2795 2070 2830 oportunum
2085 2815 2092 2828 ,
2116 2789 2156 2820 de
2177 2788 2250 2819 aliis
2274 2788 2368 2819 etiam
2407 2780 2419 2830 {-

1359 2848 1510 2878 fratribus
1528 2847 1673 2886 ejusdem
1696 2846 1836 2883 ordinis,
1855 2849 1958 2885 preter
1975 2844 2046 2874 illos
2063 2843 2119 2883 qui
2143 2843 2190 2873 eis
2212 2842 2247 2872 in
2271 2841 2370 2873 socios
2408 2838 2410 2842 ’

1359 2902 1499 2941 deputati
1517 2901 1635 2931 fuerint
1649 2925 1654 2937 ,
1672 2910 1743 2930 cum
1760 2901 1848 2930 omni
1865 2898 2117 2939 promptitudine
2133 2895 2301 2936 providere
2315 2903 2368 2926 cu·

1360 2955 1451 2992 retis,
1469 2955 1511 2984 ita
1524 2954 1607 2994 quod
1626 2954 1778 2993 prefatum
1797 2953 1961 2991 negotium
1979 2951 2102 2981 nullam
2119 2959 2156 2980 ex
2174 2947 2369 2987 negligentia
2405 2949 2410 2955 '

1361 3013 1464 3039 vestra
1480 3007 1665 3038 dilationem
1681 3008 1800 3046 capiat,
1821 3006 1875 3036 sed
1891 3006 1995 3044 potius
2018 3013 2053 3034 ex
2075 3003 2245 3042 diligentia
2265 3000 2368 3032 conti-

1360 3070 1463 3092 nuum
1481 3061 1633 3101 suscipiat
1648 3061 1896 3091 incrementum.
1916 3058 1987 3088 Dat.
2006 3062 2163 3096 utsupra.
2184 3067 2197 3083 n
