2477 3637
277 370 332 400 156
1024 362 1260 394 REGISTRES
1282 364 1337 394 DE
1358 361 1542 393 NICOLAS
1564 362 1620 392 tv.

278 449 292 464 n
316 444 415 474 regno
431 433 686 473 prelato,·diceris
702 431 886 470 prestitisse.
904 430 1110 469 Respondent
1127 439 1280 469 procura·

279 502 292 517 υ
317 494 399 519 tores
414 486 548 527 predicti
564 485 646 525 quod
663 485 747 514 idem
765 492 818 513 rex
843 482 943 512 nichil
966 482 1082 513 horum
1112 483 1196 519 fecit,
1228 483 1283 514 sed

278 555 292 570 ι,
316 550 389 572 cum
421 545 508 579 pater
531 548 607 569 snus
637 546 673 567 ea
697 546 759 576 que
783 537 899 566 fecerat
922 537 1036 574 corrigi
1059 537 1281 574 mandaverat,

278 607 293 622 »
316 595 382 634 ipse
402 593 521 631 incepit
536 591 714 628 corrigere;
733 594 839 628 etque
857 594 995 619 correcta
1014 598 1078 620 non
1096 594 1189 626 sunt,
1209 598 1282 628 pro-

278 660 292 675 »
316 648 447 677 mittunt
472 645 555 684 quod
580 644 647 683 ipse
667 643 813 681 corriget,
834 646 864 672 et
879 642 961 680 quod
981 651 1092 672 omnes
1116 642 1155 672 de
1185 651 1283 681 regno

279 714 291 726 υ
318 705 379 730 tam
395 707 545 737 personas
562 696 789 727 ecclesiasticas
805 704 899 734 quam
919 695 1076 725 seculares
1092 699 1283 725 manutene-

278 765 291 780 ιι
316 753 360 782 bit
384 752 416 780 in
435 760 491 780 sua
509 749 645 788 justitia,
663 753 694 778 ct
709 748 847 778 sertabit
865 748 910 778 eis
937 748 1018 778 soros
1041 757 1114 778 suos
1135 752 1165 777 et
1185 748 1283 778 bonas

282 819 294 833 n
319 803 577 839 consuetudines,
597 807 626 832 et
644 802 821 841 specialiter
844 802 981 831 servabit
1002 811 1039 832 ac
1063 801 1284 832 manutenebit

276 872 288 886 =
317 857 562 889 ecclesiasticam
581 856 774 886 libertatem.

319 924 332 938 ‚s
356 911 550 941 Tricesinius
569 909 729 939 secundus
745 909 897 939 articulus
914 913 960 938 est
980 922 986 937 z
1006 908 1188 938 Nonnullas
1210 916 1284 937 vero

278 977 292 991 ιι
317 964 465 995 ecclesias
482 962 696 1001 parrochiales
708 985 715 998 ,
731 962 805 1001 jura
827 966 1009 1001 patronatus
1025 962 1166 1000 ipsarum
1179 983 1187 997 ‚
1207 969 1282 990 nec-

242 1049 254 1059 ·
279 1030 293 1045 ι)
318 1026 382 1047 non
415 1018 536 1053 domos,
555 1016 690 1052 ,aldeas,
723 1016 948 1054 possessiones,
978 1016 1050 1053 jura
1081 1019 1111 1043 et
1140 1013 1283 1043 redditus

280 1084 293 1098 n
318 1070 513 1100 venerabilis
534 1070 641 1099 fratris
671 1069 769 1099 nostri
794 1093 814 1098 ..
835 1069 972 1107 episcopi
999 1073 1028 1097 et
1048 1067 1180 1097 ecclesie
1207 1067 1282 1104 Egi-

280 1137 293 1151 »
318 1124 511 1153 tauiensiun]
537 1131 710 1161 occupans,
731 1122 854 1160 aliquas
872 1121 1090 1157 ecclesiarum,
1117 1120 1282 1149 aldearum

280 1190 293 1205 »
318 1183 349 1207 et
365 1177 600 1216 possessionum
615 1177 757 1215 ipsarum
774 1175 908 1205 diversis
921 1175 1075 1213 personis,
1095 1174 1218 1203 clericis
1234 1173 1284 1202 vel

279 1242 293 1256 ι»
317 1230 406 1260 laicis
423 1229 601 1265 contulisti;
618 1229 755 1258 aliarum
776 1236 849 1258 vero
866 1228 1102 1267 possessionum
1127 1227 1160 1255 in
1189 1226 1284 1255 laicos

281 1296 293 1310 n
319 1288 349 1313 et
364 1283 521 1313 seculares
538 1281 902 1321 personas·transtulisti,
916 1290 971 1319 pro
992 1286 1043 1310 tue
1061 1280 1152 1310 libito
1170 1279 1284 1309 volun-

280 1349 293 1363 »
320 1337 402 1370 tatis,
431 1335 627 1364 auctoritatis
651 1334 862 1364 ecclesiastice
886 1334 1033 1363 terminis
1058 1333 1167 1362 illicite
1192 1341 1284 1362 occu·

282 1401 295 1415 n
319 1389 411 1427 patis.
430 1387 637 1426 Respondent
652 1391 870 1425 procuratores
887 1386 997 1424 prelati
1015 1385 1098 1424 quod
1116 1394 1168 1414 rex
1183 1385 1286 1414 nichil

281 1454 293 1469 n
319 1441 435 1471 horum
453 1441 636 1478 occupavit,
663 1439 717 1469 sed
741 1448 803 1478 que
827 1439 959 1468 suerunt
980 1443 1130 1477 occupata
1155 1448 1210 1478 per
1231 1447 1286 1476 pa-

280 1508 294 1523 »
320 1500 410 1530 trem,
429 1495 495 1533 ipse
516 1493 672 1529 restituit,
693 1496 722 1522 et
738 1493 764 1521 si
783 1501 844 1531 qua
858 1493 942 1531 juste
960 1491 1155 1521 restituenda
1174 1500 1286 1530 super-

279 1561 294 1575 »
318 1552 403 1583 sunt,
423 1547 616 1586 promittunt
631 1546 715 1585 quod
732 1546 799 1585 ipse
816 1554 869 1576 rex
884 1546 1028 1575 restituet
1042 1546 1177 1583 integre.

320 1614 333 1628 η
358 1601 554 1631 Tricesimus
580 1600 692 1629 tertius
713 1599 867 1629 articulus
885 1603 932 1628 est
951 1611 957 1628 :
983 1598 1178 1628 Audivimus
1195 1598 1288 1628 insu-

281 1667 295 1682 »
320 1664 376 1693 per
389 1654 485 1693 qnod,
501 1662 573 1683 cum
588 1653 727 1683 nobilem
742 1652 849 1682 virum
861 1652 1044 1688 Affonsum,
1058 1657 1170 1682 natum
1185 1657 1288 1690 tuum,

283 1721 296 1736 n
320 1708 359 1738 de
376 1708 472 1737 Portu
487 1706 596 1737 Alacri
612 1711 642 1737 et
656 1706 694 1736 de
709 1707 853 1736 Maruam
868 1710 1055 1743 castrorum,
1074 1706 1290 1744 Egitaniensis

283 1772 296 1788 n
320 1761 472 1797 diocesis,
492 1760 619 1790 noviter
645 1760 847 1790 constitueris
873 1760 1042 1790 dominum
1065 1764 1096 1789 et
1119 1759 1288 1796 heredem,

285 1826 299 1841 »
323 1814 408 1843 idem
427 1813 599 1851 attonsus,
622 1822 684 1842 non
704 1814 773 1842 sine
798 1817 850 1842 tua
867 1813 1067 1850 coniventia,
1084 1817 1118 1843 ut
1133 1813 1290 1851 creditur,

286 1880 299 1895 s>
324 1867 374 1897 vel
402 1875 578 1903 consensu,
607 1867 790 1905 episcopum
820 1871 849 1896 et
874 1857 1043 1896 ecclesiam
1068 1866 1291 1904 Egitanienses

286 1933 299 1947 ι)
324 1920 492 1960 predictos,
506 1920 690 1950 eorumdem
705 1924 879 1950 castrorum
894 1923 923 1950 et
936 1921 1147 1950 terminorum
1160 1929 1290 1950 suorum

287 1986 300 2000 ιι
325 1973 479 2010 ecclesiis,
499 1973 648 2010 decimis,
667 1972 843 2002 redditibus
860 1976 889 2002 et
906 1973 979 2002 aliis
997 1974 1062 2002 suis
1076 1973 1203 2012 juribus
1221 1982 1291 2012 spo-

286 2040 300 2055 »
325 2028 414 2057 liavit
428 2033 458 2057 et
474 2027 596 2057 detinet
610 2027 769 2066 spoliatos,
781 2036 817 2057 ac
834 2027 1076 2065 nichilominuS‚
1095 2028 1179 2066 quod
1195 2027 1293 2057 intol-

288 2093 302 2108 »
327 2081 493 2111 lerabilius
516 2085 579 2120 est,
602 2081 635 2110 in
658 2081 806 2120 predictis
827 2082 936 2111 castris
956 2089 1031 2111 voce
1056 2082 1201 2120 preconis
1219 2081 1294 2112 fecit

289 2146 302 2161 ι»
326 2135 451 2174 publice
476 2134 534 2163 sub
552 2139 637 2164 certa
657 2143 738 2173 pena
760 2139 822 2164 tam
846 2135 966 2165 clericis
982 2144 1078 2173 quam
1097 2135 1186 2165 laicis
1204 2135 1293 2164 inhi-

286 2201 298 2216 ι
326 2188 393 2218 beri
410 2197 450 2217 ue
462 2187 638 2226 predictum
652 2188 890 2225 Egitaniensem
903 2189 1083 2228 episcopum
1095 2189 1134 2218 ad
1146 2189 1295 2219 ecclesias

288 2254 302 2268 »
327 2241 484 2271 dictorum
507 2246 700 2276 castrorum,
726 2245 759 2270 ut
778 2241 910 2279 ibidem,
931 2246 1082 2280 tanquam
1105 2242 1294 2272 diocesanus

290 2307 303 2321 ι»
328 2294 469 2324 locorum
491 2293 638 2329 illorum,
659 2303 754 2323 suum
775 2299 934 2324 exerceret
957 2294 1116 2333 officium,
1138 2296 1295 2326 accedeu-

290 2360 303 2375 »
330 2353 409 2385 tem,
427 2348 460 2377 in
479 2347 622 2377 ecclesiis
640 2347 719 2386 ipsis
738 2347 787 2377 vel
803 2348 837 2377 in
856 2347 1003 2378 domibus
1020 2349 1087 2378 suis
1105 2349 1294 2388 reciperent,

290 2413 304 2428 n
330 2410 388 2431 nec
406 2400 469 2430 sibi
489 2401 539 2430 vel
556 2400 676 2430 familie
692 2410 747 2430 sue
763 2401 871 2440 aliqua
888 2402 1037 2432 victualia
1054 2402 1229 2432 venderent
1247 2403 1296 2433 vel

290 2467 304 2482 n
329 2454 528 2484 exhiberent.
548 2454 586 2483 Et
600 2463 674 2484 cum
688 2463 724 2484 ex
741 2459 828 2494 parte
841 2454 915 2485 dicti
931 2455 1146 2494 Egitaniensis
1159 2457 1296 2496 episcopi

291 2520 304 2534 >e
330 2507 429 2538 fueris
451 2516 524 2537 cum
549 2507 706 2537 instantia
732 2508 904 2547 requisitus
930 2513 963 2538 ut
984 2509 1044 2539 hec
1065 2510 1184 2540 faceres
1204 2519 1296 2541 revo-

290 2572 305 2587 ›>
329 2561 409 2598 cari,
431 2565 480 2597 tu,
507 2565 659 2599 tanquam
683 2561 798 2591 horum
816 2562 975 2597 conscius,
1000 2563 1039 2593 ab
1063 2563 1125 2593 hiis
1151 2569 1298 2595 avertens

291 2626 305 2641 ι)
329 2613 487 2650 auditum,
505 2613 538 2643 id
554 2614 679 2644 efficere
695 2623 759 2645 non
777 2615 906 2652 curasti,
923 2615 1060 2646 aliarum
1078 2618 1175 2648 etiam
1188 2619 1298 2649 cathe-

289 2679 302 2694 ι
329 2666 467 2697 dralium
491 2666 697 2697 ecclesiarum
721 2667 877 2706 decimas,
899 2669 1043 2700 redditus
1068 2675 1099 2701 et
1125 2676 1300 2710 proventus

290 2731 302 2746 n
330 2728 498 2759 occupans,
521 2720 645 2759 aliquas
671 2720 825 2760 alienare,
850 2721 974 2761 aliquas
997 2731 1071 2753 vero
1094 2724 1252 2755 militibus
1269 2732 1300 2758 et

294 2785 307 2799 ι»
331 2772 421 2803 laicis
437 2773 610 2804 concedere
624 2774 806 2805 donationis
822 2775 914 2806 titulo
932 2778 1134 2816 attemptasti.
1152 2778 1297 2818 Respon-

295 2837 308 2852 ι»
333 2825 408 2855 dent
422 2831 639 2864 procuratores
657 2828 792 2867 predicti
807 2829 891 2868 quod
911 2829 996 2859 idem
1015 2839 1067 2860 rex
1083 2831 1117 2860 in
1135 2832 1300 2870 premissis

259 2900 264 2904 .
295 2890 308 2905 ιι
334 2877 366 2907 in
390 2878 479 2908 nulla
494 2879 586 2918 culpa
601 2880 661 2911 fuit
673 2905 680 2918 ,
699 2890 757 2912 nec
773 2886 836 2919 est,
853 2887 884 2912 et
899 2883 923 2913 si
940 2883 978 2913 de
994 2884 1071 2922 ipsis
1089 2892 1153 2914 non
1170 2884 1231 2914 fuit
1248 2893 1300 2915 sa-

295 2943 310 2958 »
336 2930 491 2961 tisfactum
507 2933 545 2961 ad
563 2933 706 2972 plenum,
719 2935 910 2973 promittunt
923 2937 1007 2975 quod
1018 2937 1086 2976 ipse
1099 2946 1300 2976 conqueren-

298 2995 310 3010 ι
336 2983 419 3013 tibus
435 2984 598 3015 exhibebit
612 2987 736 3025 justitie
755 2982 1044 3027 complementum,
1062 2990 1101 3020 de
1121 2991 1299 3030 occupatis,

299 3049 310 3061 ιι
335 3035 481 3066 alienatis
500 3041 531 3066 et
546 3039 703 3070 concessis
721 3040 896 3080 militibus,
913 3046 1007 3081 prout
1023 3043 1058 3072 in
1074 3043 1208 3074 articulo
1223 3052 1299 3074 con-

1334 1245 1343 1256 .
1371 1240 1383 1255 »
1405 1229 1571 1265 servande,
1591 1228 1667 1258 facis
1683 1228 1822 1259 finaliter
1845 1234 1872 1259 te
1893 1229 2014 1259 induci.
2038 1229 2244 1268 Respondent
2266 1237 2371 1268 procus:

1340 1414 1345 1419 .
1368 1400 1380 1415 ι
1408 1387 1575 1426 compellet
1599 1389 1855 1427 compromittere
1885 1390 1918 1419 in
1945 1389 2106 1428 aliquem,
2128 1389 2176 1419 vel
2199 1389 2232 1418 in
2255 1387 2378 1428 aliqu·-

1367 442 1380 457 ι,
1405 430 1538 465 tinetur,
1566 429 1592 459 si
1619 437 1682 468 qua
1706 429 1930 466 inveniantur,
1956 429 2203 460 satisfactionem
2232 430 2369 464 debitam

1366 495 1380 510 »
1404 481 1631 521 impendendo.

1407 547 1421 562 ιι
1445 535 1640 565 'I'ricesimus
1659 538 1792 573 quartus
1811 534 1964 565 articulus
1986 539 2033 566 est
2049 546 2056 566 :
2077 536 2238 575 Preterea,
2259 545 2332 568 cum
2350 547 2370 570 a

1367 602 1380 617 ι
1406 589 1545 628 prolatis,
1561 587 1709 627 capitulis
1725 591 1755 618 et
1771 589 1980 619 conventibus
1995 589 2126 629 predicti
2143 590 2234 628 regni
2248 590 2296 621 vis
2312 590 2369 622 ali-

1365 655 1378 670 »
1405 642 1481 681 quid
1501 651 1557 681 per
1579 641 1796 680 calumpniam
1815 646 2022 680 extorquere,
2045 643 2079 672 in
2101 642 2256 679 ecclesiis,
2273 639 2395 691 aldeis

1367 709 1381 724 »
1406 701 1436 726 et
1452 695 1706 735 possessionibus
1722 696 1991 726 monasteriorum
2010 696 2164 735 ipsorum,
2182 705 2260 735 quas
2275 697 2331 727 iid
2346 711 2374 728 ιι,

1367 762 1381 777 »
1406 749 1530 788 prelati,
1546 748 1683 787 capitula
1698 751 1727 778 et
1743 753 1919 778 conventus
1934 757 1952 778 a
1967 748 2165 788 longissimis
2179 750 2333 790 temporib
2361 768 2374 780 .;»

1367 815 1381 830 n
1407 802 1610 842 possiderunt
1632 801 1763 840 pacifice
1784 806 1813 831 et
1835 802 1959 840 quiete,
1981 803 2035 841 jus
2054 802 2183 842 aliquod
2205 808 2234 834 te
2257 803 2337 835 habe
2360 814 2374 835 ιι

1368 868 1380 883 n
1405 855 1618 891 contendens,
1635 854 1800 894 compellis
1815 864 1867 885 eos
1892 860 1926 885 ut
1944 855 1978 885 in
2001 856 2136 887 arbitros
2151 856 2191 886 de
2205 865 2304 895 regno
2319 859 2343 887 t·
2359 866 2374 885 ιι

1368 922 1381 937 1>
1406 910 1569 940 dumtaxat
1585 913 1688 939 tecum
1713 918 1807 947 super
1830 909 1949 939 eisdem
1969 909 2125 947 ecclesiis,
2141 909 2241 940 aldeis
2255 913 2286 940 et
2308 923 2347 937 n:

1367 976 1381 991 »
1403 962 1599 993 sessionibus
1620 962 1889 1001 compromittant.
1911 963 1948 992 Et
1970 963 1995 993 si
2016 963 2129 1002 prefati
2145 963 2272 1002 prelati,
2289 963 2374 1004 capi·

1367 1027 1380 1042 n
1406 1015 1471 1045 tnla
1486 1019 1517 1045 et
1535 1019 1712 1045 conventus
1727 1014 1839 1045 talium
1856 1020 2005 1045 recusant
2020 1016 2126 1046 subire
2140 1016 2376 1059 judicium‚v

1368 1081 1381 1096 n
1407 1078 1514 1107 parere
1532 1069 1689 1098 sententie
1709 1068 1914 1104 arbitrorum,
1933 1073 1964 1099 tu
1985 1078 2039 1108 per
2057 1069 2232 1108 quendam,
2248 1069 2304 1108 qui
2320 1078 2370 1101 ειι,

1369 1135 1382 1149 r>
1408 1122 1556 1161 perjudex
1577 1127 1626 1151 tue
1645 1122 1734 1152 curie
1756 1122 1944 1161 appellatur,
1968 1123 2001 1152 in
2025 1123 2259 1161 possessionem
2281 1121 2372 1154 eccl

1368 1187 1382 1201 n
1407 1175 1529 1205 siarum
1553 1175 1706 1213 ipsarum,
1725 1176 1961 1214 possessionum
1979 1179 2009 1205 et
2025 1175 2202 1212 aldearum,
2219 1184 2314 1206 causa
2351 1186 2375 1202 -ι

1369 1293 1382 1308 n
1408 1285 1526 1311 ratores
1545 1281 1656 1320 prefati
1676 1282 1761 1321 quod
1777 1282 1863 1312 idem
1879 1292 1933 1313 rex
1952 1292 2015 1313 nen
2035 1282 2190 1322 compulit
2205 1282 2375 1313 hactenus.-

1370 1346 1384 1361 »
1408 1339 1438 1363 et
1462 1335 1650 1372 promittunt
1667 1335 1751 1373 quod
1776 1335 1844 1374 ipse
1862 1345 1914 1365 rex
1932 1336 1966 1365 in
1989 1336 2132 1366 futurum
2150 1335 2292 1375 aliquem
2312 1343 2380 1366 nou

1371 1454 1384 1469 n
1409 1436 1560 1477 arbitros,
1580 1446 1610 1471 et
1628 1443 1732 1481 quod,
1751 1443 1777 1472 si
1794 1452 1858 1482 qua
1874 1448 1963 1482 pater
1978 1453 2055 1473 suus
2080 1443 2244 1473 occasione
2266 1442 2356 1482 huju
2374 1459 2381 1488 .'

1369 1507 1382 1522 »
1410 1495 1497 1525 modi
1516 1496 1702 1539 occupavit„
1726 1497 1794 1535 ipse
1816 1497 1855 1527 de
1875 1497 1940 1527 illis
1967 1497 2108 1527 debitam
2131 1496 2378 1526 satisfaction=‘›

1373 1560 1387 1575 »
1410 1549 1584 1586 impendet.
1622 1545 1626 1548 ’

1413 1615 1426 1630 n
1451 1602 1650 1633 Tricesimus
1667 1603 1800 1643 quintus
1814 1603 1969 1634 articulus
1983 1608 2046 1633 est:
2059 1604 2126 1633 Hoc
2140 1603 2247 1642 ipsum
2263 1601 2378 1634 dicer·
2450 1625 2453 1640 ,

1373 1668 1387 1683 »
1411 1656 1514 1686 facere
1541 1657 1669 1694 quando
1698 1656 1823 1695 prelati,
1851 1656 1989 1697 capitula
2011 1661 2042 1686 et
2065 1659 2242 1687 conventus
2262 1663 2300 1686 ac
2317 1655 2380 1687 ali
2451 1652 2453 1707 j

1373 1721 1388 1737 a>
1412 1709 1623 1740 ecclesiastice
1650 1718 1786 1748 persone
1804 1719 1899 1749 super
1927 1710 2080 1745 ecclesiis,
2099 1709 2228 1748 juribus
2240 1713 2272 1740 et
2285 1709 2380 1740 rehu
2449 1713 2455 1763 f

1374 1775 1388 1790 n
1413 1762 1635 1792 ecclesiasticis
1651 1762 1766 1792 nolunt
1780 1763 1815 1793 in
1835 1766 1889 1793 tua
1905 1764 1993 1794 curia
2010 1771 2118 1793 coram
2134 1766 2175 1800 te,
2193 1762 2244 1792 vel
2269 1761 2378 1793 eodew

1375 1829 1388 1844 n
1413 1816 1612 1856 superjudiee
1634 1816 1836 1855 respondere.
1865 1817 1978 1848 Dictus
2001 1817 2097 1847 etiam
2121 1807 2386 1856 superjudex,1·.·s

1376 1882 1389 1897 ιι
1411 1869 1540 1900 clericos
1554 1873 1583 1899 et
1599 1879 1750 1909 personas
1766 1870 1995 1901 ecclesiasticas
2011 1871 2091 1901 dicti
2101 1870 2194 1909 regni
2204 1869 2348 1901 indebita
2356 1883 2370 1896 ιι
2403 1865 2406 1869 ’

1376 1937 1388 1950 ‚‚
1414 1923 1473 1953 sibi
1485 1923 1742 1962 jurisdictionem
1765 1933 1934 1963 usurpans,
1960 1924 1999 1954 de
2022 1924 2127 1954 causis
2149 1923 2189 1954 ad
2215 1922 2380 1954 ecclesias
2455 1912 2456 1916 ¹

1377 1989 1390 2004 »
1415 1977 1512 2007 ticum
1523 1977 1627 2007 forum
1643 1977 1861 2015 spectantibus
1877 1986 2066 2016 cognoscere
2082 1977 2159 2007 etde
2172 1977 2266 2007 rebus
2282 1975 2381 2008 eccl:

1377 2040 1392 2060 ι)
1415 2029 1548 2059 siasticis
1569 2029 1716 2068 judicare
1738 2030 1895 2069 presumit
1903 2041 1912 2068 3
1938 2035 1969 2060 et
1990 2031 2016 2060 si
2041 2031 2118 2060 dicti
2133 2030 2242 2060 clerici
2259 2037 2335 2069 prop
2354 2035 2382 2056 a:

1378 2095 1391 2111 »
1416 2083 1476 2113 hoc
1489 2082 1528 2112 ad
1539 2083 1744 2121 apostolicam
1753 2083 1861 2113 sedem
1873 2083 2045 2123 appellant,
2060 2084 2164 2114 dictus
2177 2081 2373 2122 superjudex

1380 2148 1392 2163 »
1415 2136 1555 2175 ipsorum
1572 2135 1836 2174 appellationibus
1862 2136 2039 2175 vilipensis,
2060 2145 2114 2167 eos
2131 2140 2256 2175 reputat
2267 2138 2383 2166 contu.

1376 2201 1392 2217 »
1416 2198 1538 2226 maces;
1557 2193 1588 2219 et
1601 2193 1833 2228 conquerentes
1846 2190 1879 2219 in
1899 2190 2133 2228 possessiouem
2149 2189 2307 2220 dictorum
2325 2187 2367 2219 h,

1377 2255 1391 2270 ³>
1416 2251 1534 2272 norum
1550 2242 1703 2272 inducere
1718 2251 1783 2273 non
1797 2248 1936 2273 veretur.
1954 2243 2001 2273 Tu
2015 2252 2141 2283 quoque
2152 2242 2310 2283 predictos
2324 2240 2378 2273 οἰκ

1378 2308 1392 2323 »
1415 2297 1497 2326 ricos
1515 2300 1545 2325 et
1562 2304 1713 2335 personas
1731 2296 1962 2327 ecclesiasticas
1981 2297 2099 2336 passim
2119 2296 2154 2326 in
2174 2295 2266 2327 omni
2291 2303 2382 2334 cau&v

1379 2362 1393 2377 »
1418 2349 1453 2379 ιιι
1481 2353 1534 2378 tua
1556 2353 1586 2378 et
1615 2348 1752 2379 aliorum
1769 2350 1922 2385 {omnium
1946 2349 2101 2380 laicorum
2120 2348 2269 2388 J'udicum
2285 2356 2326 2379 cu
2345 2346 2402 2372 ’”-

1380 2415 1394 2430 »
1419 2402 1612 2441 respondere
1639 2402 1815 2441 compellis.
1848 2403 2056 2442 Respondent
2075 2406 2292 2443 procuratores
2312 2410 2369 2441 ρι’

1381 2470 1394 2486 n
1419 2458 1494 2488 dicti
1513 2457 1597 2496 quod
1613 2457 1716 2488 dictus
1737 2467 1793 2488 rex
1815 2467 1880 2489 non
1904 2458 2044 2489 intendit
2064 2466 2176 2489 vocare
2200 2467 2255 2488 seu
2275 2457 2338 2488 cita
2360 2469 2384 2487 ι,

1382 2523 1395 2538 »
1420 2519 1479 2541 nec
1493 2510 1588 2541 etiam
1602 2510 1748 2549 judicare
1763 2510 1904 2550 aliquem
1920 2511 2104 2550 episcopum
2119 2519 2224 2550 neque
2234 2509 2383 2542 clericum·
2448 2497 2451 2514 ’

1382 2576 1395 2592 n
1420 2572 1514 2602 super
1544 2563 1704 2600 ecclesiis,
1730 2563 1857 2603 juribus
1885 2568 1915 2594 et
1944 2564 2038 2595 rebus
2063 2563 2301 2601 ecclesiasticis,
2327 2570 2385 2593 11:1³r

1382 2629 1396 2645 »
1420 2626 1515 2656 super
1535 2616 1788 2656 possessionibus
1804 2617 2003 2654 eorumdem,
2021 2617 2076 2648 sed
2094 2616 2196 2656 placet
2210 2617 2239 2647 ei
2254 2615 2337 2656 quod
2351 2615 2359 2622 '
2371 2623 2386 2639 ιι·

1382 2682 1395 2697 »
1420 2669 1571 2701 omnibus
1592 2669 1661 2699 istis
1684 2670 1874 2709 respondeat
1900 2678 2007 2701 coram
2033 2670 2141 2709 judice
2162 2663 2391 2701 ecclesiastiw¹

1383 2735 1396 2751 n
1419 2723 1520 2762 Super
1542 2723 1646 2753 causis
1671 2732 1745 2753 vero
1766 2732 1845 2762 quas
1869 2723 1976 2754 clerici
1998 2723 2055 2763 qui
2076 2721 2211 2760 fiscales,
2235 2720 2347 2753 notor'

1383 2789 1396 2804 n
1420 2775 1611 2806 feudatarias
1627 2780 1657 2805 et
1673 2775 1861 2814 regalengas
1886 2776 2102 2815 possessiones
2124 2775 2272 2806 excolunt
2303 2786 2309 2800 ·
2356 2786 2388 2799 ιι·

1383 2842 1396 2857 1,
1421 2831 1510 2860 sione
1540 2829 1683 2868 ipsarum
1714 2829 1896 2866 habuerint,
1924 2830 2006 2860 facta
2026 2833 2072 2860 est
2093 2829 2178 2860 inter
2202 2827 2338 2868 prelatos
2362 2837 2384 2851 2¹>

1385 2895 1397 2911 »ι
1421 2887 1640 2922 procuratores
1656 2882 1813 2922 predictos
1829 2883 2015 2923 compositio
2030 2882 2183 2923 spetialis.

1423 2949 1437 2964 n
1460 2935 1657 2966 Tricesimus
1669 2941 1774 2966 sextus
1783 2936 1939 2967 articulus
1955 2941 2020 2968 est:
2039 2936 2200 2974 Preterea,
2215 2935 2243 2966 si
2259 2941 2356 2974 quan
2373 2945 2391 2963 ιι

1383 3002 1397 3017 n
1418 2989 1509 3029 judei
1526 2989 1576 3019 vel
1595 2989 1764 3020 Sarraceni
1785 2990 1880 3020 liberi
1895 2990 2006 3020 divina
2027 2989 2237 3028 inspiratione
2255 2986 2394 3020 veniunt

1384 3055 1398 3071 n
1422 3042 1462 3072 ad
1485 3042 1690 3082 baptismum,
1709 3046 1742 3073 tu
1758 3043 1841 3073 bona
1858 3042 2002 3083 ipsorum
2021 3043 2097 3073 facis
2116 3042 2259 3082 protinus
2273 3047 2348 3072 con·
2362 3050 2392 3071 1.
