2477 3637
307 401 360 431 130
443 408 450 416 ‘
1053 396 1288 427 REGISTRES
1311 397 1365 427 DE
1387 396 1570 427 NICOLAS
1595 397 1648 426 IV.

303 466 456 497 sonaliter
472 475 504 495 se
519 465 697 500 conferens,
711 464 858 501 injungat
872 485 892 492 ..
910 463 1086 500 potestati..
1104 463 1267 502 capitaneo
1284 485 1304 493 ..

301 518 437 550 consilio
464 523 493 549 et
521 517 685 547 communi
717 516 884 546 Perusinis
913 518 942 545 ut
970 515 1108 546 libertati
1140 516 1307 546 restituant

304 571 510 611 Raynaldum
534 569 728 609 Napoleonis
751 569 789 598 de
813 568 968 606 Fulgineo
994 573 1024 598 et
1048 568 1127 599 alios
1159 569 1306 599 homiues

300 634 392 665 quos,
410 625 598 654 Antinnano
615 628 644 653 et
663 621 857 652 Turi-icellae
873 622 984 652 castris
999 622 1109 661 captis,
1127 622 1161 652 iu
1180 623 1307 662 captivi-

303 684 396 708 tatem
413 678 583 707 duxerunt.

344 745 355 759 a
375 732 454 761 Cum
473 731 554 759 sient
570 729 648 759 ad...
665 746 702 750 —
721 728 792 758 Dat.
812 733 965 767 utsupra.
983 740 996 755 x>

371 931 458 959 (348

339 994 386 1024 M„
405 993 526 1019 Sanctae
547 992 651 1019 Mariae
668 994 695 1019 in
714 992 828 1018 Porticu
846 992 966 1018 diacono
982 991 1127 1020 cardinali.
1146 992 1307 1019 facultatem

602 928 968 964 Salute-Mario-Majeure,
982 929 1142 964 &ajam-101·
1161 930 1235 956 1280.

299 1042 430 1070 concedit
447 1041 612 1068 absolvendi
629 1041 663 1067 ab
677 1041 984 1068 excommunicationis
999 1041 1150 1068 sententiis
1170 1049 1308 1076 personas

301 1092 451 1125 religiosas
467 1091 576 1118 ordinis
592 1091 714 1117 Sanctae
737 1090 848 1122 Clarae,
866 1095 895 1118 et
909 1091 1033 1125 eligendi
1057 1091 1100 1117 vel
1121 1091 1308 1118 confirmandi

298 1141 461 1167 abbatissas
476 1140 606 1175 ejusdem
617 1140 737 1170 ordinis.
754 1140 874 1166 duranti·
887 1140 1046 1167 interdicto.
1065 1139 1145 1174 (Rea.
1160 1140 1203 1173 44,
1220 1148 1244 1167 c.
1263 1141 1306 1171 75,

299 1189 317 1215 s.
340 1190 386 1216 ¹03
401 1197 446 1221 v⁰;
465 1189 580 1219 Porrn⁴¹
596 1188 706 1221 22863.)

340 1306 448 1334 Dilecto
464 1306 527 1341 silio
543 1304 596 1340 M..
613 1305 721 1334 Sanele
749 1305 846 1333 Μανία
866 1306 896 1333 in
914 1305 1037 1334 Portica
1061 1305 1186 1334 diacono
1203 1306 1305 1336 cardi-

297 1358 375 1389 nali,
395 1357 574 1387 facultatem
592 1357 737 1387 concedit
752 1357 938 1387 absolvendi
955 1358 1129 1387 abbatissas
1144 1382 1149 1386 .
1169 1366 1305 1395 sorores,

299 1409 484 1445 familiares,
502 1418 673 1440 conversos
695 1415 726 1440 et
744 1410 924 1449 capellanos
941 1412 1206 1441 monasteriorum
1223 1412 1307 1442 ordi-

299 1464 348 1493 nis
365 1464 499 1493 Sanctae
515 1463 627 1493 Clarae
651 1463 690 1493 ab
708 1464 1067 1501 excommunicationis,
1087 1465 1306 1504 suspensionis

298 1522 328 1547 et
343 1516 696 1553 interdictisententiis,
715 1518 742 1546 si
755 1525 835 1555 quas
851 1516 981 1547 eaedem
998 1526 1167 1556 personae,
1184 1527 1304 1548 mascu-

297 1569 357 1599 lini
375 1568 520 1598 videlicet
537 1578 629 1599 sexus
645 1574 713 1608 post
739 1559 910 1608 religionis
929 1570 1130 1608 ingressum,
1154 1571 1306 1602 seminini

296 1631 372 1652 vero
388 1627 462 1652 ante
476 1626 506 1652 et
518 1627 586 1661 post
599 1622 781 1660 ingressum
799 1623 997 1661 hujusmodi,
1013 1624 1221 1655 incurrerunt
1233 1625 1304 1656 bac-

298 1680 390 1705 tenus
401 1674 451 1705 vel
463 1675 661 1706 incurrerint
672 1676 706 1705 in
719 1681 892 1715 posterum,
905 1676 984 1707 latas
997 1682 1027 1707 et
1038 1677 1186 1708 ferendas
1197 1683 1305 1709 contra

296 1728 458 1767 adjutores
473 1733 502 1758 et
514 1729 652 1759 fautores
668 1729 831 1768 quondam
848 1730 934 1760 Petri
950 1731 1033 1768 regis
1049 1731 1254 1769 Aragonum3
1270 1741 1307 1762 ac

297 1781 394 1812 etiam
411 1781 608 1812 concedendi
626 1782 795 1822 praedictis
814 1784 956 1822 personis
972 1784 1107 1814 liberam
1122 1785 1306 1816 facultatem

297 1835 448 1873 eligendi,
482 1835 659 1865 secundum
688 1836 825 1866 formam
854 1837 982 1875 regulae
1013 1838 1148 1869 Sanctae
1177 1839 1305 1877 Clarae,

297 1888 472 1919 abbatissas
486 1911 493 1925 ,
530 1889 700 1919 interdicto
739 1889 874 1920 durante
890 1914 896 1925 ‚
938 1892 1151 1922 confirmandi
1179 1901 1306 1932 quoque

297 1942 346 1972 vel
365 1941 555 1972 infirmandi
573 1941 745 1972 electiones
762 1942 944 1974 celebratas.

339 2007 352 2022 α
371 1995 453 2026 Cum
470 2004 545 2026 cura
565 1999 666 2025 tam...
683 2013 722 2017 —
748 1996 819 2027 Dat.
846 1997 947 2028 Rome
964 1998 1047 2037 apud
1068 1999 1216 2029 Sanctam
1235 2000 1303 2030 Ma-

298 2049 380 2079 riam
399 2049 568 2089 Majorem,
585 2059 615 2079 w
632 2049 786 2080 kalendas
805 2050 977 2088 februarii,
995 2061 1082 2083 anno
1097 2054 1210 2092 primo.
1231 2065 1243 2081 n

368 2251 454 2278 (349
599 2250 965 2287 Sainte-Marie-Majeure‚
983 2253 1014 2279 93
1027 2254 1139 2288 janvier
1160 2255 1233 2282 1289.

336 2312 377 2338 De
393 2312 512 2339 decimis
537 2321 586 2348 pro
609 2315 722 2347 negotio
743 2314 848 2341 Terrae
872 2315 994 2343 Sanctae
1013 2318 1140 2344 statutis.
1157 2317 1240 2351 (Rea.
1258 2319 1307 2351 44,

298 2369 324 2388 e.
343 2362 390 2390 76.
409 2363 425 2387 l'.
448 2362 494 2388 103
513 2364 565 2394 νο.)

345 2476 513 2506 Venerabili
534 2478 629 2513 fratri
656 2500 676 2506 ..
704 2479 838 2516 episcopo
863 2480 1025 2509 ,albanensi
1047 2486 1073 2510 et
1097 2482 1213 2511 dilectis
1232 2484 1308 2520 filiis

295 2530 411 2567 Jaeobo,
430 2531 535 2560 Sancte
551 2532 645 2560 Marte
664 2532 696 2560 in
719 2532 769 2560 Via
785 2533 875 2569 Lata,
893 2541 927 2562 ac
943 2533 1111 2569 Benedicco,
1135 2536 1239 2566 Sancti
1254 2537 1306 2566 Ni-

297 2584 375 2612 colai
392 2585 424 2613 ιῖη
439 2584 561 2613 Carcere
579 2584 718 2614 Tulliano
728 2586 864 2615 diaconis
879 2587 1099 2624 cardinalibus,
1115 2590 1244 2619 mandat
1261 2595 1304 2627 ut,

296 2637 448 2666 omnibus
463 2636 685 2667 collectoribus
702 2637 845 2667 decimae
861 2648 916 2677 pro
932 2641 1059 2677 negotio
1075 2641 1191 2671 Terrae
1210 2643 1307 2673 Sauc—

299 2693 347 2719 tae
363 2694 497 2720 statutae
515 2699 639 2721 necnon
657 2696 687 2720 et
703 2693 934 2723 mercatoribus
953 2698 983 2723 et
1000 2693 1073 2724 aliis
1090 2697 1233 2733 personis
1250 2697 1306 2735 qui

298 2742 336 2772 de
352 2743 411 2773 boc
432 2744 557 2782 negotio
581 2751 776 2775 curaverunt
798 2747 997 2785 convocatis,
1021 2748 1060 2778 ab
1080 2749 1137 2785 eis,
1158 2751 1306 2788 praestito

298 2797 506 2835 corporaliter
526 2799 721 2835 jin-amento,
739 2799 906 2838 inquirant
922 2800 960 2830 de
976 2802 1124 2832 omnibns
1141 2804 1305 2841 negotium

299 2849 414 2878 Terrae
443 2852 576 2880 Sanctae
598 2852 872 2890 contingentibus,
901 2858 930 2883 et
952 2856 1174 2893 responsiones
1195 2866 1303 2887 eorum

300 2901 437 2931 fideliter
455 2912 486 2931 ιιι
507 2905 629 2942 scriptis
646 2905 748 2943 redigi
765 2906 892 2936 faciant.

342 2967 355 2981 u
389 2956 566 2985 Attendens
597 2965 660 2986 non
689 2959 890 2996 incognite...
923 2976 962 2982 —
995 2961 1064 2991 Dat.
1100 2962 1198 2993 Home
1223 2963 1304 3002 apud

301 3007 449 3037 Sanctam
470 3009 602 3038 Mariam
622 3011 771 3048 Majorem
785 3035 793 3048 ,
812 3022 828 3041 x
846 3012 998 3043 kalendas
1022 3015 1196 3052 februarii,
1220 3025 1306 3047 anno

301 3070 414 3099 primo.
438 3073 450 3086 n

1461 463 1549 491 (350

1424 525 1630 559 Indulgentiae.
1652 525 1732 557 (Rea.
1751 525 1792 556 44,
1811 533 1836 552 c.
1854 526 1896 557 Π,
1915 526 1933 552 f.
1951 526 2000 553 104
2018 528 2065 559 r0.)

1714 461 2073 498 Sainte-Marie-MaJeure,
2089 463 2104 490 5
2116 464 2229 498 janvier
2244 464 2322 493 1289.

1430 629 1547 658 Dilectis
1563 629 1636 665 filiis
1650 628 1767 665 Jacobs),
1786 628 1913 658 Sanctae
1932 629 2046 658 Mariae
2060 630 2095 658 in
2110 629 2163 658 Via
2181 629 2254 658 Lata
2269 630 2392 662 diacono

1389 682 1553 715 cardinali,
1575 682 1844 719 archipresbytero,
1862 689 1896 710 ac
1914 703 1933 710 ..
1952 682 2051 720 priori
2071 687 2097 712 et
2122 683 2255 720 capitulo
2276 683 2397 715 basilios*
2414 707 2428 720 .

1390 735 1496 767 Sancte
1527 737 1620 766 jhu-[e
1652 737 1776 774 Jlajore's
1805 737 1839 765 (Ie
1869 736 1952 766 Urbe.
1984 736 2226 775 Indulgentiam
2252 734 2430 778 concedis-‘f'

1391 791 1486 820 trium
1502 799 1660 821 annorum
1677 796 1707 820 et
1733 791 1828 820 trium
1847 790 2128 829 quadragenarum
2145 791 2297 822 omnibus
2321 799 2400 824 vero*

1390 844 1626 882 poenitentibus
1655 848 1685 874 et
1700 844 1852 874 confessis
1873 843 1939 883 qui,
1965 852 1983 873 a
2013 844 2090 874 festo
2119 844 2303 875 dominicae
2329 845 2391 877 Na'⁴

1391 897 1524 928 tivitatis
1547 906 1646 936 usque
1671 897 1710 927 ad
1731 898 1846 927 festum
1869 897 2107 928 Purificationis
2135 899 2251 929 Beatae
2274 899 2404 932 Mariae‘

1391 953 1420 980 et
1434 959 1452 979 a
1466 950 1519 981 die
1535 951 1791 981 Resurrectiouis
1807 951 1941 981 Domini
1960 960 2061 990 usque
2076 951 2115 981 ad
2135 955 2260 982 octavas
2276 951 2394 984 Resur-

1390 1004 1539 1034 rectionis
1563 1004 1707 1044 ejusdem
1721 1027 1730 1041 ,
1759 1005 1792 1034 in
1810 1004 2082 1035 Annuntiationis
2107 1014 2233 1044 quoque
2250 1005 2394 1045 praecic-

1392 1060 1439 1086 tae
1463 1057 1597 1096 virginis
1621 1066 1656 1088 ac
1682 1057 1766 1088 beati
1794 1057 1933 1088 Mathiae
1954 1057 2085 1097 apostoli
2111 1058 2347 1097 festivitatibu85
2365 1063 2396 1091 et

1390 1110 1423 1139 in
1441 1110 1579 1149 singulis
1595 1111 1783 1141 stationibus
1801 1111 1833 1141 in
1853 1110 1985 1141 ecclesia
2005 1110 2141 1142 Sanctae
2157 1112 2278 1142 Mariae
2293 1112 2394 1154 Majo-

1390 1163 1435 1194 ris
1450 1163 1604 1194 hactenus
1620 1164 1788 1202 ordinatis,
1809 1165 1982 1203 praefatam
1999 1164 2166 1195 ecclesiam
2183 1165 2390 1198 visitaverint.
2430 1179 2431 1182 ¹

1431 1229 1445 1244 κ
1461 1217 1591 1257 Propter
1607 1219 1772 1248 veritatem
1792 1224 1858 1248 et...
1879 1235 1919 1241 —
1935 1218 2009 1248 Dat.
2027 1218 2129 1248 Rome
2144 1219 2229 1258 apud
2246 1218 2394 1251 Sanctam

1389 1270 1526 1300 Mariam
1549 1271 1717 1310 Majorem,
1734 1272 1828 1301 nonis
1841 1271 1996 1310 Jauuarii,
2016 1279 2102 1302 anno
2115 1271 2228 1310 primo.
2252 1284 2266 1300 n

1453 1441 1542 1473 ‘851

1423 1505 1632 1542 Indulgentiae.
1653 1506 1733 1540 (Rac-
1750 1507 1792 1538 44,
1810 1515 1835 1534 c.
1852 1507 1894 1539 78,
1912 1507 1932 1534 f.
1952 1507 1999 1534 104
2018 1508 2065 1540 r0.)

1711 1443 2073 1480 Sainte-Marie-Majenre,
2091 1445 2106 1472 5
2117 1445 2231 1481 janvier
2247 1445 2326 1474 1289.

1429 1610 1559 1639 Eisdem.
1579 1608 1817 1647 indulgentiam
1837 1609 1982 1639 concedit
2005 1621 2019 1636 u
2043 1610 2195 1640 omnibus
2211 1619 2286 1641 vere
2303 1611 2412 1650 penio.
2450 1647 2453 1652 1

1391 1662 1530 1692 tentibus
1544 1666 1574 1692 et
1585 1662 1739 1692 confessis
1749 1666 1878 1692 centum
1890 1662 2016 1692 dierum
2033 1664 2087 1702 qui
2103 1663 2245 1703 qualibet
2257 1663 2400 1699 secunda

1389 1721 1420 1747 et
1444 1721 1555 1756 quarta
1573 1716 1672 1753 feria3
1691 1715 1786 1746 unius
1802 1717 1880 1746 anui
1901 1720 1931 1747 et
1948 1716 2162 1756 quadraginta
2177 1717 2322 1755 dierum,
2340 1726 2361 1758 q
2386 1717 2392 1724 ¹

1390 1769 1532 1810 quolibet
1546 1770 1598 1800 die
1619 1769 1740 1800 sabbati
1758 1769 1932 1808 predictam
1952 1769 2118 1800 ecclesiam
2145 1771 2360 1802 visitaverint.
2378 1783 2395 1800 ι

1431 1836 1444 1851 ι.
1463 1824 1594 1863 Propter
1612 1824 1775 1854 veritatem
1795 1828 1862 1853 et...
1882 1840 1920 1845 —
1934 1823 1996 1853 Dat
2011 1828 2044 1854 ut
2060 1833 2166 1863 supra.
2188 1836 2201 1851 n

2392 1899 2396 1912 1

1459 1997 1545 2026 652
1701 1995 2061 2030 Sainte—Marie-Majeure,
2078 1996 2111 2023 ‘25
2127 1996 2230 2023 fevi-ier
2246 1996 2324 2025 1289.

1425 2060 1632 2094 Indulgentiae.
1649 2059 1731 2092 (Rae.
1749 2060 1792 2090 44,
1809 2066 1836 2085 c.
1853 2059 1900 2091 79,
1919 2058 1938 2084 f.
1958 2058 2004 2085 104
2022 2065 2070 2092 νος
2089 2058 2209 2091 Porta,
2221 2059 2331 2094 22890.)

1430 2163 1548 2192 Dileclis
1554 2162 1628 2199 filiis
1637 2161 1674 2190 M.
1681 2185 1688 2197 ,
1698 2161 1805 2191 Sancte
1815 2161 1909 2190 Marie
1920 2162 1954 2190 -ῐη
1963 2161 2087 2191 Portica
2094 2161 2220 2192 diacono
2228 2162 2392 2202 cardinali,
2422 2173 2427 2175 ·

1390 2216 1654 2254 archipresbytero,
1669 2215 1831 2253 etcapitnlo
1842 2214 1963 2244 basilice
1978 2214 2134 2253 Principis
2148 2216 2371 2254 apostolorum
2385 2222 2410 2242 .·

1393 2270 1474 2299 Urbe.
1490 2268 1573 2298 «Ille
1589 2269 1644 2307 qui
1655 2267 1778 2298 solus...
1791 2267 1952 2298 Omnibus
1963 2276 2036 2297 vere
2050 2267 2270 2306 penitentibus
2279 2273 2310 2299 et
2320 2277 2395 2301 conv

1391 2323 1493 2359 fessis,
1506 2322 1642 2360 singulis
1653 2321 1731 2351 anni
1748 2321 1860 2351 diebus
1874 2321 1990 2360 quibus
2007 2321 2068 2360 ipsi
2081 2321 2216 2361 eandem
2231 2316 2396 2366 basilicam

1392 2375 1602 2416 personaliter
1610 2374 1793 2411 visitabunt,
1806 2383 1907 2404 unum
1917 2383 1957 2404 an
1964 2383 2042 2403 num
2053 2378 2084 2404 et
2093 2366 2401 2414 quadragintadie&

1390 2439 1407 2460 a
1423 2429 1585 2459 dominica
1600 2437 1673 2458 vero
1691 2428 1728 2457 de
1749 2428 1898 2458 Adventu
1923 2436 2024 2466 usque
2045 2427 2084 2457 ad
2105 2428 2241 2467 primam
2256 2428 2387 2459 domini.
2434 2430 2437 2436 “

1391 2491 1460 2513 cam
1481 2486 1548 2521 post
1561 2485 1685 2511 octavas
1705 2481 1891 2519 lipyphanie
1914 2485 1945 2510 et
1969 2489 1987 2510 a
2012 2480 2173 2511 dominica
2195 2481 2379 2521 quinquag-

1391 2537 1472 2566 sime
1491 2535 1568 2565 hinc
1583 2535 1620 2564 ad
1645 2539 1769 2564 octavas
1787 2535 1883 2563 Pasce
1900 2533 2041 2573 quolibet
2063 2533 2116 2564 die
2130 2557 2137 2570 ,
2165 2539 2227 2564 tres
2247 2542 2349 2565 annos
2365 2537 2401 2566 e

1390 2594 1451 2618 tres
1467 2588 1708 2627 qnadragenas3
1727 2588 1759 2616 in
1782 2587 1923 2625 singulis
1944 2595 2069 2626 quoque
2084 2586 2310 2619 festivitatibus
2332 2591 2400 2618 tam

1389 2642 1476 2672 beate
1503 2641 1602 2670 Marie
1620 2640 1770 2678 virginis,
1789 2640 1913 2670 scilicet
1937 2639 2141 2677 Nativitatis‚
2163 2640 2370 2671 Annuntiati·
2397 2658 2402 2662 —

1389 2695 1451 2732 nis,
1472 2694 1711 2725 Purificationis
1729 2699 1759 2723 et
1778 2693 2019 2732 Assumptionis
2043 2697 2074 2723 et
2089 2693 2264 2733 cujuslibet
2275 2701 2346 2732 apo
2360 2706 2376 2719 ··
2396 2707 2399 2714 =

1388 2749 1491 2779 lorum
1506 2752 1536 2778 et
1548 2747 1818 2785 evangelistarum
1833 2750 1870 2777 ac
1881 2751 2068 2778 sanctorum
2081 2746 2250 2777 Michaelis
2263 2747 2383 2778 archan
2393 2765 2398 2770 *-

1387 2801 1450 2840 geli
1466 2826 1472 2838 ,
1502 2800 1630 2830 Audi-ee
1647 2825 1652 2835 ,
1685 2800 1804 2830 Mathie
1819 2825 1825 2833 ,
1861 2799 1983 2830 Nicolai
1999 2824 2006 2837 ,
2037 2799 2207 2838 Gregorii,
2238 2798 2375 2838 Longini

1388 2854 1543 2890 Antonii,
1562 2853 1691 2889 Leonis,
1707 2853 1849 2884 Processi
1867 2857 1898 2883 et
1919 2852 2120 2890 Martiniani,
2137 2852 2278 2889 Martini,
2295 2851 2379 2882 Fran
2395 2876 2402 2882 „
2422 2892 2425 2893 ⁷

1387 2908 1479 2945 cisci,
1505 2907 1659 2937 Omnium
1684 2907 1873 2936 Sanctorum
1899 2905 2174 2936 etCOnversionis
2194 2905 2279 2936 beati
2302 2905 2404 2938 Paug-

1387 2960 1517 3000 apostoli
1542 2969 1579 2990 ac
1601 2964 1783 2990 sanctarum
1809 2959 1925 2997 Lucie,
1955 2959 2054 2989 Marie
2084 2946 2274 2997 Magdal'ene
2301 2966 2321 2988 a
2340 2971 2345 2983 ι
2362 2970 2407 2983 ιιι-ι

1387 3014 1479 3045 Clare
1489 3013 1880 3052 virginis,anniversariis
1892 3011 2006 3042 diebus
2024 3008 2276 3042 consecrationis
2286 3010 2317 3040 al
2336 3023 2339 3036 ι
2369 3002 2410 3035 ’.ἶ

1388 3068 1503 3098 Sancte
1513 3067 1613 3097 Mat-ie
1625 3066 1663 3096 de
1679 3066 1847 3103 Cancellis,
1866 3067 1898 3096 in
1915 3065 2046 3096 basilica
2058 3064 2198 3104 predicta
2207 3061 2392 3102 constructi,
