2342 3652
920 363 1147 404 110οΧ111Μο
1169 372 1325 401 ANNEE.
2107 377 2163 406 217

79 444 202 475 Christo
226 441 292 471 filio
315 445 423 470 nostro
444 439 621 478 Phylippo,
645 440 712 476 regi
736 440 869 469 Francie
887 439 1025 475 illustri,
1046 439 1080 467 in
1120 437 1125 445 '

78 496 255 529 subsidium
274 493 396 531 negotii
413 492 595 530 Aragonie,
615 492 697 530 quod
717 492 804 530 ipse,
827 497 977 530 tanquam
995 491 1080 521 filius

77 547 308 582 benedictionis
329 550 358 575 et
374 545 493 584 gratie,
513 553 577 574 non
598 545 668 574 51110
691 545 823 574 laudum
839 553 953 574 sonoro
972 553 1081 582 preco-

78 604 147 639 nio,
163 601 247 631 clare
269 599 423 629 memorie
442 597 597 636 Phylippi
618 598 702 634 regis
724 597 875 633 Francie,
893 597 989 635 patris
1013 597 1089 634 sui,-

78 655 207 693 vestigia
224 653 368 689 imitans,
386 651 520 681 viriliter
532 657 561 680 et
578 651 737 679 ferventer
752 651 964 688 prosequitur,
983 651 1080 679 duxe-

78 709 195 744 rimus,
214 707 252 736 de
270 706 404 735 fratrum
430 707 612 734 nostrorum
640 702 773 732 consilio
788 726 795 738 ,
823 703 1079 740 concedendam,

78 761 163 792 vobis
179 769 232 799 per
247 759 324 788 alias
341 762 464 788 nostras
477 756 537 786 sub
551 759 636 786 certa
651 756 753 785 forma
767 755 888 784 litteras
905 756 973 793 ejus
987 764 1080 785 exac-

79 815 161 846 tione
179 812 364 848 commissa,
383 820 438 849 per
455 818 508 839 vos
524 809 573 839 vel
592 818 646 847 per
665 809 745 838 alios
764 809 964 847 exequenda,
985 818 1080 846 quas-

79 867 149 898 dam
179 865 408 895 declarationes
433 863 683 898 dubitationum,
706 871 767 900 11110
789 862 865 891 01101
890 862 924 890 111
953 861 1080 899 negotio

79 919 199 951 decime
219 919 365 956 deputate
387 917 484 946 Terre
509 916 622 945 Sancte
645 915 786 945 subsidio
810 919 1028 951 emerserunt,
1051 919 1081 943 et

78 976 204 1014 possent
232 971 340 1000 forsan
366 970 399 999 in
422 974 583 1008 posterum
600 968 806 998 innovatione
834 967 965 997 recidivi
990 967 1080 997 dubii

79 1024 226 1060 suboriri,
256 1028 288 1053 ut
302 1023 374 1053 illos
394 1024 427 1052 in
443 1022 583 1061 presenti
600 1021 726 1059 negotio
742 1021 841 1059 ipsius
859 1021 979 1050 decime
997 1020 1080 1050 dicto

79 1078 144 1117 regi
160 1085 306 1108 concesse
327 1081 484 1115 quatenus
506 1075 587 1104 illud
605 1075 796 1112 contingunt
813 1074 944 1103 servetis
968 1078 997 1103 et
1022 1074 1079 1103 ob-

78 1130 192 1162 servari
208 1129 341 1163 faciatis,
359 1129 561 1167 presentibus
586 1128 719 1157 fecimus
737 1127 905 1163 annotari,
924 1135 985 1165 que
1003 1126 1080 1156 tales

78 1188 150 1215 sunt
165 1194 172 1213 :
278 1182 281 1185 “

115 1238 162 1267 De
176 1235 352 1266 redditibus
366 1241 396 1265 et
411 1235 618 1274 proventibus
630 1234 892 1273 leprosariarum,
910 1235 1079 1264 domorum

77 1289 135 1321 Dei
151 1294 182 1319 et.
195 1289 400 1328 hospitalium
419 1297 595 1327 pauperum
610 1313 616 1325 ,
635 1289 689 1327 qui
715 1288 749 1317 in
777 1297 854 1317 usus
872 1287 1080 1317 infirmorum

77 1347 107 1375 et
121 1351 294 1382 pauperum
311 1346 552 1378 convertuntur,
570 1341 694 1371 decima
713 1350 776 1370 non
794 1341 944 1371 solvetur.

116 1396 269 1426 Moniales
299 1396 394 1426 etiam
428 1395 551 1434 alieque
585 1395 746 1433 regulares
774 1403 906 1434 persone
941 1403 1079 1433 quarum

76 1449 214 1480 redditus
243 1453 272 1479 et
293 1453 466 1487 proventus
492 1448 696 1479 ecclesiastici
720 1448 797 1478 adeo
816 1452 892 1477 sunt
916 1451 1026 1477 tenues
1050 1453 1080 1478 et

77 1503 173 1534 exiles
191 1502 274 1542 quod
292 1503 331 1532 de
349 1502 413 1532 illis
430 1502 604 1532 sustentari
621 1511 684 1532 non
702 1506 848 1540 possunt,
866 1502 921 1531 sed
939 1510 995 1540 pro
1020 1502 1077 1531 ha-

75 1556 176 1588 benda
204 1565 259 1586 sue
288 1557 350 1585 vite
384 1556 614 1586 sustentatione
645 1564 773 1585 necesse
803 1555 923 1584 habent
953 1555 1079 1593 publice

75 1610 254 1641 mendicare
269 1614 299 1639 et
312 1609 504 1639 elemosinas
519 1609 645 1647 publice
660 1613 776 1647 petere,
790 1608 907 1638 dictam
920 1608 1079 1638 decimam

77 1674 139 1696 nou
158 1664 347 1704 persolvent.

116 1717 277 1749 Seculares
292 1726 419 1757 quoque
434 1717 542 1747 clerici
560 1725 698 1756 quorum
713 1717 918 1747 ecclesiastici
934 1717 1080 1748 redditus

78 1775 108 1803 et
132 1775 300 1811 proventus
327 1771 429 1801 annui
455 1780 614 1801 summam
641 1771 829 1809 quindecim
858 1770 1015 1800 librarum
1045 1771 1079 1800 10

78 1834 174 1863 regno
190 1825 385 1855 Francorum
408 1829 438 1854 et
454 1828 542 1854 extra
558 1833 693 1862 regnum
710 1824 817 1863 ipsum
834 1828 903 1854 octo
923 1824 1080 1854 librarum

78 1878 295 1909 turonensium
319 1887 382 1907 non
408 1878 564 1907 excedunt
587 1877 722 1907 eandem
740 1878 898 1907 decimam
912 1886 977 1908 non
991 1887 1079 1917 pres-

77 1931 194 1962 tabunt.

115 1984 149 2015 Si
172 1993 243 2014 vero
269 1993 332 2014 una
354 1993 490 2023 persona
506 1984 596 2023 plura
612 1984 727 2014 habeat
749 1984 922 2020 beneficia,
940 1993 1079 2023 quorum

77 2037 200 2068 nullum
230 2047 285 2076 per
312 2047 345 2068 se
371 2043 534 2076 acceptum
560 2038 677 2067 dictam
717 2047 879 2067 summam
906 2037 951 2077 (l)
985 2039 1080 2077 quin-

76 2090 177 2122 decim
192 2090 348 2121 librarum
372 2091 598 2120 turonensium
614 2091 783 2120 annuatim
805 2092 957 2128 attingat,
980 2091 1079 2121 simul

79 2148 179 2175 tamen
204 2144 332 2174 collecta
352 2145 386 2173 in
408 2144 527 2173 annuis
548 2144 753 2182 proventibus
779 2153 939 2174 summam
957 2153 1079 2174 memo-

76 2201 174 2227 ratam
189 2197 358 2234 excedant,
377 2199 530 2236 quotquot
552 2197 602 2227 vel
624 2202 923 2236 quantumcumque
952 2197 1080 2227 modica

76 2250 210 2288 suerint,
240 2251 279 2281 de
309 2251 460 2280 omnibus
485 2254 514 2280 et
544 2250 681 2288 singulis
715 2250 840 2280 decima
863 2250 1077 2290 persolvetur;

78 2303 131 2334 sed
145 2313 210 2334 non
226 2304 365 2334 solvetur
380 2304 417 2333 de
436 2303 584 2342 pitantiis
600 2304 843 2334 monachorum.

116 2357 269 2388 Similiter
284 2358 323 2387 de
336 2357 401 2387 hiis
418 2367 479 2397 que
500 2367 518 2387 a
537 2357 659 2388 Christi
680 2357 828 2387 fidelibus
851 2357 1080 2397 relinquuntur

78 2409 216 2441 ecclesiis
235 2415 269 2440 ut
284 2420 320 2440 ex
337 2410 383 2440 eis
403 2411 547 2449 perpetui
563 2414 713 2440 emantur
728 2410 872 2440 redditus
888 2415 918 2440 et
933 2411 1079 2441 exenniis

77 2463 202 2503 prelatis
227 2467 257 2494 et
283 2463 357 2493 aliis
384 2464 528 2502 personis
550 2464 770 2494 ecclesiasticis
791 2463 965 2495 liberaliter
989 2465 1079 2495 factis

78 2515 196 2546 decima
211 2525 274 2547 non
289 2517 439 2547 solvetur.

116 2569 312 2601 Solventium
331 2570 489 2601 decimam
504 2570 652 2601 electioni
673 2580 728 2601 500
744 2571 874 2601 arbitrio
897 2572 1078 2602 committa-

79 2624 128 2653 tur
141 2627 248 2653 utrum
257 2624 360 2663 ipsam
375 2624 477 2654 velint
491 2624 625 2661 solvere,
638 2633 694 2663 per
706 2628 806 2655 totum
819 2628 942 2664 tempus
953 2634 1015 2664 quo
1024 2625 1079 2655 du-

78 2676 159 2707 rabit
181 2677 320 2713 decima,
343 2686 398 2717 pro
418 2683 486 2708 rata
504 2682 722 2717 proventuum
738 2687 817 2717 11005
833 2679 970 2717 singulis
985 2679 1081 2708 annis

78 2725 150 2760 dicti
168 2730 317 2770 temporis
334 2731 417 2769 ipsos
433 2731 595 2770 percipere
608 2731 819 2769 contingerit,
837 2740 890 2768 an,
908 2740 963 2770 per
981 2736 1080 2761 totum

78 2780 181 2821 ipsum
200 2788 338 2822 tempus,
355 2793 411 2823 pro
433 2788 500 2814 rata
513 2784 694 2814 communis
710 2785 925 2815 extimationis
944 2793 1079 2823 proven-

79 2836 168 2865 tuum
187 2837 390 2875 eorumdem;
416 2836 485 2874 sed,
504 2845 567 2866 una
585 2837 635 2866 via
656 2836 753 2874 lecta,
774 2846 840 2867 non
858 2837 966 2867 licebit
984 2837 1080 2867 alicui

108 2960 140 2992 (1)
156 2961 204 2987 Ms.
218 2964 307 2987 dictas
322 2970 460 2986 summas.
475 2962 579 2986 Faut-il
593 2962 644 2985 lire
664 2964 755 2986 dictas
772 2969 901 2986 summas
914 2964 1079 2992 quindecim

80 3002 115 3035 [et
130 3006 199 3037 octo]
210 3008 347 3031 librarum
359 3010 369 3030 ζ’
384 3007 578 3037 L'expression
590 3013 734 3030 summam
750 3009 946 3036 memoratam,
956 3007 1003 3037 qui
1014 3007 1078 3036 suit,

79 3050 177 3074 semble
193 3050 232 3081 s'y
248 3058 374 3081 opposer.

216 3107 288 3135 Rae.
309 3108 431 3136 Nicoms
450 3108 503 3135 IV.

1163 438 1296 473 variare,
1310 438 1347 467 ad
1360 438 1455 467 aliam
1470 439 1674 468 recurrendo.
1696 440 1730 468 Et
1744 440 1797 468 fiat
1814 444 1843 469 et
1857 440 2019 477 redigatur
2035 451 2089 478 per
2101 443 2164 472 col-

1163 489 1294 519 lectores
1320 491 1352 519 in
1372 491 1497 528 scriptis
1517 491 1626 521 electio
1645 492 1831 530 hujusmodi
1849 501 1992 530 expresse
2007 494 2039 522 in
2062 494 2166 532 prima

1164 542 1319 572 solutione
1344 543 1465 572 decime
1493 544 1682 582 supradicte,
1708 544 1850 583 alioquin
1871 546 1961 583 juxta
1986 546 2163 576 extimatio-

1164 603 1238 623 nem
1255 603 1458 625 communem
1480 606 1531 634 per
1551 601 1649 626 totum
1675 602 1797 635 tempus
1822 597 1942 626 solvere
1961 598 2162 628 tenebuntur.

1204 647 1410 677 Declaramus
1431 653 1537 678 autern
1562 650 1660 688 1111011,
1680 650 1706 678 51
1734 650 1779 679 1111
1798 651 1850 689 qui
1868 651 2023 688 elegerint
2043 651 2165 681 solvere

1163 700 1318 730 decimani
1352 710 1406 738 pro
1437 707 1502 730 rata
1530 712 1591 740 qua
1620 703 1794 741 percipient
1829 704 1996 732 annuatim
2028 705 2166 735 vendant

1162 759 1333 793 proventus
1369 755 1596 785 beneficiorum
1620 765 1750 785 suorum
1777 766 1838 794 que
1862 758 2060 795 personalem
2086 759 2164 788 resi-

1163 807 1308 836 dentiam
1325 816 1389 836 non
1407 809 1594 846 requirnnt,
1613 808 1734 837 solvent
1754 809 1908 838 (1001010111
1929 811 1967 839 de
1985 811 2049 840 solo
2069 812 2166 850 pretio

1162 860 1247 897 1111011
1264 860 1419 898 recipient
1435 861 1471 889 110
1490 860 1625 895 eisdem,
1644 861 1719 890 dum
1738 866 1841 891 tamen
1859 863 1941 891 circa
1958 863 2015 892 hec
2032 864 2063 892 in
2082 864 2166 893 frau-

1162 912 1233 941 dem
1264 912 1386 941 decime
1415 912 1514 941 nichil
1549 913 1681 942 omnino
1706 919 1826 950 agatur.
1865 914 1925 943 Sed
1956 915 2165 946 ecclesiastica

1162 973 1296 1002 persona
1313 974 1373 1002 que
1392 965 1423 993 10
1446 964 1579 994 ecclesia
1596 974 1652 994 sua
1679 965 1726 994 vel
1745 966 1896 996 beneficio
1919 968 2002 1005 quod
2021 969 2164 998 residen-

1163 1018 1239 1046 tiam
1268 1017 1467 1055 personalem
1498 1018 1650 1055 requirit,
1675 1027 1738 1047 non
1761 1019 1913 1048 resederit
1938 1020 1990 1048 sed
2015 1021 2108 1049 faciat
2132 1022 2165 1051 10

1163 1071 1271 1100 eadem
1291 1080 1345 1108 per
1362 1070 1541 1100 firmarium
1558 1070 1607 1099 vel
1624 1071 1778 1100 vicarium
1796 1072 1966 1107 deserviri,
1986 1073 2166 1111 deputando

1162 1124 1224 1162 ipsi
1251 1123 1369 1152 vicario
1396 1123 1446 1151 vel
1473 1124 1615 1153 firmario
1642 1129 1759 1153 certam
1789 1133 1920 1166 suorum
1955 1131 2167 1163 proventuum

1162 1176 1338 1214 portionem
1354 1200 1359 1212 ,
1379 1185 1441 1205 non
1460 1176 1595 1205 deducet
1611 1181 1731 1214 partem
1745 1177 1855 1206 vicarii
1872 1187 1926 1207 seu
1945 1178 2094 1215 firmarii,
2113 1180 2168 1209 sed

1162 1230 1201 1259 de
1217 1230 1376 1259 universis
1392 1230 1494 1268 ipsius
1510 1229 1642 1259 ecclesie
1659 1229 1708 1259 vel
1727 1230 1878 1260 beneficii
1896 1232 2101 1269 proventibus
2118 1232 2168 1262 de—

1162 1283 1279 1313 cimam
1296 1283 1470 1312 exhibebit.

1203 1336 1410 1365 Declaramus
1427 1337 1522 1366 etiam
1543 1337 1626 1375 1111011
1644 1337 1681 1366 110
1707 1336 1794 1366 silvis
1820 1346 1874 1366 5011
1899 1339 2082 1368 nemoribus
2106 1349 2166 1378 que

1163 1398 1226 1419 000
1244 1395 1480 1419 consueverunt
1500 1390 1595 1419 vendi
1621 1390 1721 1419 nichil
1747 1390 1905 1427 solvetur,
1932 1392 1995 1420 nisi
2026 1392 2105 1421 forte
2129 1393 2169 1422 de

1162 1443 1228 1473 illis
1247 1443 1368 1482 aliquid
1382 1444 1548 1473 venditum
1569 1444 1663 1473 fuerit
1679 1444 1813 1473 durante
1829 1444 1963 1480 decima,
1982 1450 2011 1474 et
2024 1450 2096 1475 111110
2109 1455 2163 1475 ex-

1164 1497 1326 1526 timabitur
1349 1502 1506 1536 quantum
1532 1497 1636 1526 valere
1659 1497 1770 1527 debeat
1800 1498 1900 1526 annui
1926 1498 2066 1527 redditus
2095 1509 2167 1537 pars

1162 1551 1293 1580 vendita
1308 1550 1485 1580 secundnm
1501 1550 1649 1579 assisiam
1666 1560 1727 1589 que
1743 1551 1909 1580 cousuevit
1920 1551 1988 1580 fieri
2005 1552 2167 1582 1101101110-

1162 1604 1250 1634 ribus
1271 1605 1303 1633 in
1322 1604 1465 1643 partibus
1487 1603 1552 1633 illis
1571 1604 1604 1632 111
1622 1604 1738 1642 quibus
1755 1613 1869 1633 nemus·
1886 1605 2052 1634 venditum
2069 1606 2166 1635 situm

1163 1658 1222 1686 erit
1234 1681 1242 1694 ,
1269 1662 1298 1686 et
1316 1657 1353 1686 de
1371 1656 1437 1686 sola
1453 1657 1659 1686 extimatione
1676 1656 1800 1685 decima
1821 1657 2032 1694 persolvetur3
2051 1664 2090 1693 et,
2112 1659 2163 1688 ni-

1163 1711 1189 1739 si
1212 1710 1250 1739 de
1280 1719 1316 1739 eo
1346 1709 1430 1748 1111011
1454 1709 1669 1748 perciperetur
1697 1709 1734 1739 de
1757 1709 1848 1739 dictis
1869 1710 1957 1739 silvis
1979 1721 2034 1740 500
2057 1721 2164 1742 nemo-

1162 1763 1252 1793 ribus
1273 1772 1333 1802 que
1352 1763 1449 1792 vendi
1466 1771 1530 1792 non
1548 1767 1799 1799 consueverunt,
1818 1771 1875 1792 nec
1891 1763 1969 1792 forte
1987 1764 2166 1795 vendentur

1163 1817 1297 1847 durante
1329 1817 1467 1853 decima,
1495 1825 1532 1845 ex
1560 1815 1744 1845 venditione
1767 1817 1925 1854 pasnagii,
1951 1826 2006 1846 seu
2027 1818 2166 1856 erbagii,

1162 1875 1217 1900 aut
1241 1871 1371 1900 alterius
1396 1869 1572 1900 consimilis
1596 1874 1767 1907 proventus
1790 1870 1975 1899 eorumdem
1999 1880 2167 1901 nemorum

1162 1930 1192 1955 et
1216 1925 1388 1961 silvarum,
1407 1928 1434 1953 et
1458 1924 1483 1953 si
1506 1932 1568 1953 non
1590 1923 1768 1952 vendantur
1790 1923 1976 1961 hujusmodi
1998 1925 2164 1962 pasnagia,

1163 1978 1292 2016 erbagia
1304 1982 1334 2007 et
1346 1977 1552 2014 similia,non
1564 1977 1703 2007 solvetur
1717 1977 1839 2006 decima
1851 1977 1888 2006 de
1903 1977 1966 2006 hiis
1980 1988 1986 2013 ς
2002 1978 2045 2007 ita
2061 1983 2166 2008 tamen

1163 2032 1247 2071 quod
1264 2032 1298 2060 111
1315 2031 1460 2060 fraudem
1477 2031 1599 2060 decime
1618 2030 1718 2060 nichil
1735 2035 1844 2059 contra
1857 2029 1916 2059 hoc
1931 2035 2144 2069 attemptetur.

1204 2086 1357 2124 Idemque
1376 2085 1409 2114 in
1433 2084 1592 2123 pasnagiis
1610 2088 1640 2112 et
1662 2083 1798 2121 erbagiis
1822 2087 1851 2112 et
1868 2083 2090 2113 consimilibus
2114 2085 2167 2114 ob-

1162 2139 1365 2169 ventionibus
1389 2137 1540 2167 silvarum
1566 2137 1739 2167 ceduarum
1760 2136 1895 2165 dicimus
1916 2137 2161 2166 observandum.

1204 2193 1249 2222 De
1264 2192 1385 2230 stagnis
1402 2196 1432 2221 et
1447 2190 1604 2230 piscariis,
1624 2191 1650 2219 si
1665 2189 1855 2225 vendantur,
1875 2189 1912 2218 de
1930 2190 2028 2228 pretio
2045 2189 2166 2220 decima
2202 2186 2206 2188 ’

1161 2246 1206 2275 510
1219 2245 1374 2281 501νο101;
1392 2244 1540 2274 videlicet
1552 2248 1586 2273 ut
1597 2243 1651 2272 fiat
1662 2242 1788 2272 collatio
1801 2242 1839 2271 de
1850 2251 1985 2272 numero
1993 2252 2164 2280 annorum⁷

1161 2298 1309 2337 quamvis
1325 2302 1398 2328 ante
1414 2297 1632 2327 venditionem
1646 2296 1795 2325 ultimam
1812 2295 1940 2325 vendita
1957 2304 2020 2324 0011
2036 2296 2165 2333 suerint,

1161 2353 1200 2383 ad
1217 2352 1429 2391 quantitatem
1446 2351 1540 2390 pretii
1558 2359 1593 2380 ex
1612 2350 1680 2389 ipsa
1696 2349 1810 2379 ultima
1824 2349 2008 2379 venditione
2025 2350 2161 2388 recepti,

1163 2410 1196 2436 ut
1207 2405 1395 2444 hujusmodi
1407 2405 1507 2443 pretio
1518 2404 1620 2433 diviso
1633 2404 1664 2432 in
1678 2407 1780 2441 partes
1792 2426 1799 2440 ‚
1816 2402 1990 2432 5000011001
2005 2411 2164 2432 annornm

1162 2470 1337 2491 numerum
1357 2460 1492 2490 durante
1516 2459 1639 2489 decima
1662 2458 1802 2488 solvetur
1828 2458 1952 2487 decima
1976 2458 2043 2495 ipsa
2065 2458 2102 2486 de
2123 2461 2164 2487 tot

1161 2515 1303 2553 partibus
1327 2514 1420 2552 pretii
1441 2522 1477 2543 ex
1502 2513 1569 2551 ipsa
1594 2512 1779 2542 venditione
1804 2512 1921 2549 recepti
1944 2516 2019 2549 quot
2045 2510 2164 2540 suerint

1161 2568 1239 2597 anni
1255 2567 1407 2606 predicti;
1428 2571 1476 2603 ut,
1496 2566 1522 2595 si
1544 2566 1623 2595 sorte
1647 2569 1722 2594 sunt
1746 2565 1889 2602 quinque
1910 2564 1988 2592 anni
2009 2563 2106 2602 elapsi
2127 2572 2162 2593 ex

1161 2629 1223 2659 quo
1250 2621 1352 2649 fuerat
1374 2623 1523 2658 stagnum
1547 2618 1733 2654 venditum,
1763 2622 1792 2646 01
1818 2625 1904 2646 nnnc
1927 2616 2082 2646 vendatur
2108 2624 2163 2654 pro

1161 2679 1290 2704 centum
1317 2673 1428 2709 libris,
1457 2673 1534 2702 fient
1563 2672 1600 2702 de
1627 2672 1725 2710 pretio
1751 2671 1893 2708 quinque
1921 2675 2023 2708 partes
2049 2673 2079 2699 et
2110 2678 2163 2708 pro

1160 2727 1225 2757 illis
1247 2727 1341 2756 annis
1365 2727 1481 2765 quibus
1500 2725 1626 2755 durabit
1644 2725 1766 2753 decima
1788 2723 1926 2752 solvetur
1951 2723 2018 2760 ipsa
2041 2722 2164 2751 decima

1161 2782 1198 2811 de
1217 2786 1258 2811 tot
1275 2780 1414 2819 partibus
1430 2779 1523 2818 pretii
1548 2783 1623 2816 quot
1644 2782 1718 2806 51101
1732 2777 1810 2805 anui
1827 2776 1942 2814 quibus
1958 2776 2025 2814 ipsa
2041 2775 2164 2805 decima

1162 2839 1207 2864 est
1222 2842 1369 2864 concessa
1385 2844 1390 2869 ;
1412 2838 1441 2861 01
1456 2833 1502 2862 510
1522 2830 1822 2869 multiplicabuntur
1840 2833 1868 2858 et
1887 2829 2075 2858 minuentur
2090 2838 2162 2867 par-

1163 2892 1207 2918 tes
1225 2887 1318 2926 prelii
1334 2890 1425 2924 prout
1442 2885 1547 2923 plures
1564 2883 1612 2913 vel
1629 2883 1788 2922 pautiores
1803 2881 1924 2911 suerint
1940 2881 2016 2911 dicti
2032 2882 2121 2911 anni.

1201 2941 1248 2970 De
1265 2938 1487 2969 venationibus
1506 2939 1613 2967 autem
1630 2940 1659 2965 et
1675 2934 1818 2974 piscariis
1835 2934 2024 2970 fluminum,
2042 2934 2069 2964 si
2084 2942 2164 2963 ven-

1162 2994 1288 3029 dantur,
1309 2996 1339 3022 et
1354 2992 1445 3021 silvis
1462 2990 1570 3021 ceduis
1588 2989 1674 3019 idem
1692 2987 1775 3026 1111011
1790 2987 1829 3017 de
1849 2988 1969 3025 stagnis
1986 2987 2052 3017 fiet.

1202 3047 1250 3077 De
1265 3046 1405 3086 piscibus
1427 3050 1612 3083 stagnorum
1628 3042 1677 3072 vel
1694 3041 1805 3071 bestiis
1823 3049 2017 3079 garenarum
2032 3050 2093 3079 que
2107 3049 2163 3080 pro

1988 3106 2022 3133 28
