2477 3637
205 383 262 414 654
947 377 1183 410 REGISTRES
1205 377 1259 407 DE
1281 375 1465 407 NICOLAS
1487 377 1545 407 Iv.

248 462 259 475 u
282 447 468 478 Laudabilia
494 447 605 476 merita
631 450 719 475 tue...
737 461 774 467 —-
792 445 862 475 Dat.
884 444 967 483 apud
995 444 1205 475 Urbemvete-

205 511 283 537 rem,
301 500 445 531 kalendis
463 500 580 534 martii,
595 507 680 528 anno
695 503 817 536 quarto.
837 510 851 524 »

274 672 391 702 4588
767 669 893 701 Orvieto‚
914 670 948 695 10‘
964 677 1039 695 mars
1059 667 1133 695 1291.

242 733 424 768 Dispensatio
439 741 526 767 super
543 732 702 767 pluralitate
718 732 932 759 beneficiorum.
949 731 1032 763 (Rec.
1049 731 1097 760 [1ίὶ,
1114 738 1138 756 c.
1157 729 1204 761 30,

204 784 222 810 f.
239 783 255 810 ὃ
270 785 320 812 νο.)

243 886 398 922 liudulpho
427 884 461 914 de
491 883 668 921 Creppinye,
698 883 809 912 rectori
833 883 951 912 ecclesie
978 883 1013 911 de
1042 881 1203 918 t'oulinye,

203 938 400 967 Norwicensis
421 937 554 967 diocesi&
577 936 657 966 Cum
682 944 718 966 eo
737 935 899 974 dispensat
922 939 956 965 ut
980 933 1145 964 8001851301
1168 933 1206 963 de

206 989 370 1026 Brokedis,
389 995 462 1019 ante
479 989 651 1019 concilium
672 988 902 1027 Lugdunense,
924 992 954 1018 et
978 987 1144 1018 ecclesiam
1167 986 1206 1016 de

204 1042 364 1080 Hethille,
389 1048 456 1082 post
476 1043 561 1073 idem
582 1042 755 1073 concilium
781 1047 961 1081 susceptas,
985 1040 1206 1072 Norwicensis

202 1095 369 1132 dioecesis,
390 1105 468 1135 quas
491 1096 624 1125 insimul
646 1105 702 1134 per
722 1105 773 1125 sex
795 1104 911 1131 301105,
933 1099 963 1125 et
980 1093 1148 1125 ecclesiam
1168 1093 1206 1123 de

203 1148 375 1187 Couliwge,
393 1158 488 1188 quam
509 1158 571 1178 una
589 1157 662 1179 0001
678 1148 802 1179 duabus
819 1148 890 1178 aliis
914 1157 968 1187 per
987 1147 1066 1177 duos
1084 1154 1204 1182 annos,

202 1202 272 1232 5108
283 1202 472 1240 apostolicae
485 1201 570 1232 sedis
581 1201 831 1240 dispensatione,
845 1201 994 1237 detinuit,
1005 1200 1124 1230 fructus
1137 1208 1207 1237 pei·-

202 1255 324 1293 cipiens
343 1263 378 1284 ex
395 1255 527 1291 eisdem,
543 1255 681 1285 retinere
697 1254 809 1292 valeat,
826 1262 900 1284 cum
917 1253 1069 1293 praedicti
1084 1253 1206 1282 fructus

201 1308 412 1347 quadraginta
436 1317 549 1338 novem
570 1308 724 1338 librarum
743 1307 973 1345 sterlingorum
989 1306 1129 1336 valorem
1145 1314 1204 1336 an-

202 1370 302 1391 nuum
321 1370 383 1392 non
403 1362 566 1397 excedant,
586 1366 616 1392 et
633 1371 669 1391 ex
686 1361 732 1391 eis
751 1361 814 1400 ipse
836 1360 1025 1399 Radulphus
1039 1359 1205 1390 commode

201 1415 378 1445 secundum
413 1424 565 1454 personae
596 1423 672 1445 suae
703 1419 820 1444 statum
852 1413 1024 1444 sustentari
1054 1417 1222 1455 nequead

201 1469 382 1499 Dummodo
394 1469 432 1499 de
442 1469 595 1499 [ructibus
606 1469 652 1498 sic
663 1468 817 1508 perceptis
825 1476 1001 1505 congruam
1012 1467 1203 1506 portionem,

200 1522 288 1561 juxta
309 1522 515 1561 prudentium
535 1521 705 1552 consilium
717 1545 726 1559 ,
745 1522 777 1551 in
796 1521 982 1552 earumdem
998 1520 1204 1551 ecclesiarum

200 1575 380 1606 evidentem
398 1575 565 1606 utilitatem
582 1580 756 1606 convertat.

243 1642 255 1656 α
274 1630 389 1660 Petitio
406 1634 458 1660 tua
473 1629 603 1660 nobis...
620 1647 658 1652 —
676 1630 745 1660 Dat.
763 1633 918 1668 utsupra.
937 1641 951 1656 1>

269 1809 392 1838 4523
764 1807 890 1840 Orvieto‚
910 1809 948 1835 ier
963 1816 1040 1835 mars
1054 1809 1132 1836 1291.

235 1873 419 1908 Dispensatio
435 1880 522 1907 snper
538 1872 698 1907 pluralitate
717 1872 931 1898 beneficiorum.
951 1870 1032 1901 (Rea.
1051 1871 1098 1903 46,
1116 1879 1141 1898 c.
1160 1872 1204 1904 31,

199 1923 219 1950 f.
235 1923 250 1951 6
266 1923 316 1957 νῦ.)

239 2025 381 2063 Jlaqiszro
397 2024 558 2054 Guillelmo
573 2025 607 2053 de
621 2023 734 2053 Sancto
751 2024 879 2060 Botulso,
895 2024 1078 2061 presbytero,
1095 2024 1204 2053 rectori

199 2078 313 2109 ecclesie
335 2080 368 2108 (18
392 2078 544 2111 Houcton,
569 2078 777 2107 Dnnelmensis
801 2078 936 2107 diocesis
962 2077 1042 2107 Cuni
1075 2086 1110 2107 eo
1139 2077 1202 2106 dis-

199 2137 310 2172 pensat
331 2136 363 2161 ut
384 2131 532 2162 ecclesias
552 2131 591 2161 de
614 2130 887 2169 Norcholingham
900 2153 907 2166 ‚
929 2131 969 2161 de
985 2131 1203 2161 WVesthorsele

199 2190 229 2217 et
255 2186 293 2216 de
320 2186 485 2222 Haucton,
514 2184 759 2222 Dnnelmensis‚
784 2184 993 2215 Eboracensis
1020 2189 1050 2214 et
1080 2185 1204 2215 Winto-

199 2239 322 2269 niensis
336 2238 541 2273 dioecesium,
556 2247 634 2277 quas
647 2238 716 2268 sine
731 2238 919 2276 apostolicae
936 2238 1021 2268 sedis
1037 2238 1202 2277 dispensa-

199 2293 284 2323 tione
299 2292 447 2328 detinuit,
463 2292 583 2322 fructus
600 2292 778 2331 percipiens
794 2300 830 2321 ex
847 2292 981 2329 eisdem,
996 2292 1136 2322 retinere
1152 2301 1203 2322 va-

196 2345 274 2381 leat,
294 2354 366 2376 cum
387 2346 510 2384 ipsum,
527 2345 666 2374 servitiis
687 2368 706 2374 ..
725 2345 810 2383 regis
824 2345 963 2383 Angliae
981 2345 1199 2381 insistentem,

196 2404 336 2438 oporteat
350 2407 482 2436 magnas
495 2398 602 2428 subire
616 2406 779 2436 expensas.
796 2398 979 2428 Dummodo
993 2399 1031 2428 de
1047 2398 1202 2428 fructibus

194 2453 259 2492 jam
286 2452 441 2492 perceptis
462 2460 636 2490 congruam
664 2452 839 2490 portionem
854 2452 970 2491 „juxta
992 2452 1199 2491 prudentium

196 2507 337 2536 virorum
364 2505 555 2541 consilium,
583 2506 618 2534 in
643 2504 877 2544 praedictarum
901 2505 1107 2535 ecclesiarum
1132 2506 1198 2536 evi-

194 2559 323 2589 dentem
340 2558 510 2589 utilitatem
527 2562 700 2589 convertat.

237 2626 250 2640 a
269 2613 383 2644 Petitio
403 2618 455 2643 tua
471 2613 600 2643 nobis...
623 2625 636 2639 n

263 2785 381 2814 4530
753 2784 879 2817 Orvieto,
900 2786 938 2812 l‘r
953 2794 1029 2812 mars
1047 2786 1124 2813 1991.

230 2845 412 2881 Dispensatio
427 2854 514 2881 super
531 2846 688 2881 pluralitate
705 2846 920 2874 beneficiorum.
937 2847 1019 2881 (ΠΕΟ.
1035 2848 1086 2879 46,
1102 2856 1128 2874 0.
1146 2847 1195 2879 32,

194 2895 212 2921 f.
229 2895 244 2922 6
260 2898 311 2927 νο.)

234 2997 375 3033 Mnyistro
393 2998 514 3027 Roberlo
537 2999 571 3026 de
590 2998 775 3033 Redewelcis,
797 2999 1012 3028 archidiacono
1032 2999 1142 3029 cestrie
1163 3000 1196 3029 in

194 3050 313 3079 ecclesia
334 3051 555 3087 Licheselclensi.
576 3050 658 3081 Cum
679 3059 714 3081 80
734 3050 894 3090 dispensat
915 3055 950 3082 ut
969 3051 1134 3082 ecclesiam
1156 3053 1195 3083 de

1290 442 1489 477 Davenham,
1512 441 1763 472 Lichefeldensis
1776 441 1944 478 dioecesis,
1959 446 1991 472 et
2003 440 2298 473 archidiaconatum

1287 496 1428 526 Cestriae
1444 495 1477 524 in
1495 494 1630 525 ecclesia
1650 494 1886 525 Licheseldensi
1897 518 1904 529 ,
1925 503 2008 534 quae
2023 495 2093 525 sine
2108 494 2298 533 apostolicae

1287 548 1373 578 sedis
1393 547 1631 586 dispensatione
1650 547 1784 578 insimul
1805 547 1960 583 detinuit,
1978 547 2099 578 fructus
2118 547 2298 587 percipiens

1287 610 1324 631 ex
1341 601 1400 637 eis,
1419 601 1558 631 retinere
1577 599 1696 637 valeat,
1715 609 1789 630 cum
1805 600 1890 630 dicta
1907 600 2041 631 ecclesia
2055 600 2089 630 in
2106 600 2175 639 ipso
2191 600 2298 630 archi-

1287 653 1454 684 diaconatu
1467 677 1474 691 ,
1496 653 1530 683 in
1552 662 1633 693 quo,
1655 658 1780 692 praeter
1799 653 1946 684 eamdem
1966 653 2152 690 ecclesiam,
2171 645 2297 684 nullum

1287 707 1376 738 aliud
1391 707 1584 737 beneficium
1601 707 1780 746 praedictus
1797 707 1954 738 Robertus
1969 707 2075 743 babet,
2091 707 2255 738 consistat.

1330 773 1343 788 α
1365 760 1552 791 Laudabilia
1567 765 1620 791 tue
1639 761 1842 800 probitatis...
1864 773 1877 788 n

1359 928 1475 956 4531
1835 926 1962 958 Orvieto.
1978 927 2013 954 25
2026 927 2131 954 fevi-ier
2148 927 2226 955 1291.

1324 989 1481 1016 Confirmat
1496 989 1679 1016 donationem
1696 998 1753 1024 qua
1772 1011 1790 1016 ..
1808 989 1956 1025 Spirensis
1974 990 2130 1025 episcopus
2145 981 2298 1017 eE'elesiam

1288 1040 1323 1066 de
1340 1038 1532 1070 Windendal,
1551 1047 1621 1066 suae
1645 1039 1806 1073 dioecesis,
1829 1039 2003 1066 monasterio
2027 1038 2245 1074 Limpurgensi.
2268 1038 2298 1066 in

1288 1088 1387 1115 eadem
1403 1088 1526 1115 ecclesia
1537 1089 1589 1123 jus
1605 1092 1773 1124 patronatus
1788 1088 1913 1118 habenti,
1929 1088 2104 1123 assignavit,
2118 1087 2299 1115 cedente.ve1

1287 1137 1444 1164 decedente
1459 1137 1591 1172 ejusdem
1606 1137 1746 1164 ccclesiae
1761 1141 1873 1164 rectore
1887 1140 1917 1163 et
1930 1136 2085 1163 accedente
2100 1136 2218 1172 capituli
2233 1135 2300 1172 Spi—

1288 1187 1383 1213 rensis
1407 1194 1571 1220 consensu;
1596 1191 1742 1214 reservata
1763 1186 1799 1212 de
1822 1185 1983 1213 redditibus
2005 1185 2138 1220 ejusdem
2159 1185 2299 1213 ecclesiae

1288 1237 1394 1263 vicario
1406 1237 1433 1263 in
1445 1236 1545 1263 cadem
1557 1239 1696 1272 perpetuo
1708 1236 1850 1263 servituro
1861 1243 1990 1270 congrua
2002 1235 2144 1270 portione.
2157 1234 2242 1269 (Rea.
2253 1234 2297 1267 46.

1287 1294 1313 1313 c.
1332 1285 1375 1317 33,
1392 1286 1412 1312 s.
1431 1286 1447 1313 6
1464 1292 1509 1318 v⁰;
1528 1285 1645 1316 Pom-a..
1662 1284 1773 1319 23582.)

1329 1410 1350 1418 ..
1367 1389 1469 1418 abbati
1487 1394 1513 1418 et
1529 1390 1694 1418 conventui
1711 1388 1892 1417 monasterii
1911 1386 2140 1425 Limpuryensis
2153 1410 2160 1423 ,
2179 1387 2300 1418 ordinis

1286 1442 1317 1472 S.
1336 1442 1497 1479 Benedicti,
1514 1441 1668 1480 Spirensis
1685 1442 1819 1471 diocesis.

1329 1507 1344 1522 «
1366 1495 1447 1525 Cum
1466 1504 1484 1525 a
1500 1495 1630 1525 nobis...
1647 1511 1685 1517 —
1706 1494 1779 1524 Dat.
1796 1493 1881 1533 apud
1901 1494 2184 1531 Urbemveterem,
2202 1503 2222 1524 v
2237 1493 2296 1525 ka-

1287 1548 1399 1579 lendas
1415 1548 1534 1586 martii,
1551 1557 1639 1579 anno
1653 1552 1777 1588 quarto.
1794 1559 1808 1575 n

1358 1716 1475 1745 4532
1833 1712 1960 1746 Orview,
1975 1713 2010 1741 25
2026 1713 2131 1741 fevi-ier
2147 1713 2225 1742 1291.

1324 1780 1458 1807 Facultas
1472 1778 1614 1806 alienandi
1631 1777 1771 1813 quasdam
1785 1781 1878 1804 terras
1893 1776 2136 1813 Balneoregensis
2145 1777 2298 1806 ecclesiae.

1286 1829 1370 1863 (Rsc.
1387 1828 1431 1860 46,
1447 1836 1473 1855 c.
1491 1827 1540 1862 34,
1556 1827 1576 1854 f.
1593 1827 1608 1855 6
1624 1828 1674 1859 vv.)

1334 1932 1500 1962 Venerabili
1513 1931 1611 1968 fratri
1628 1953 1649 1959 ..
1665 1931 1799 1968 episcopo
1814 1929 2056 1966 Balneoreyensi.
2075 1940 2090 1956 «
2107 1927 2239 1959 Dudum
2249 1921 2297 1959 ⁴si-

1286 1986 1460 2025 gnificante
1477 1989 1506 2014 te
1523 1983 1616 2014 nobis
1630 1983 1715 2022 quod
1732 1982 1871 2022 quedam
1889 1986 1970 2013 terre
1984 1982 2023 2012 ad
2040 1981 2208 2013 ecclesiam
2223 1981 2297 2012 Bal-

1286 2046 1516 2077 neoregensem
1534 2041 1723 2076 spectantes,
1739 2037 1772 2066 in
1789 2036 1926 2066 diversis
1941 2035 2018 2066 locis
2033 2035 2134 2075 posite
2146 2059 2153 2073 ‚
2171 2039 2298 2075 propter

1285 2095 1428 2133 ipsarum
1451 2092 1619 2128 minutias,
1641 2091 1697 2121 tibi
1713 2091 1822 2120 minus
1841 2090 2001 2120 fructuose
2016 2089 2209 2127 redduntur,
2226 2097 2294 2128 005,

1285 2155 1380 2184 super
1398 2145 1457 2175 hoc
1474 2144 1601 2182 plenius
1621 2143 1790 2173 certificari
1808 2141 1969 2178 volentes,
1989 2140 2105 2172 dilecto
2123 2141 2192 2172 filio
2209 2141 2295 2172 Con·

1284 2199 1361 2229 rado
1375 2198 1413 2228 de
1432 2197 1593 2234 1310111011,
1611 2195 1777 2235 capellano
1790 2200 1910 2235 nostro,
1927 2195 2154 2225 mandavimus
2168 2194 2296 2226 oraculo

1285 2253 1356 2282 vive
1377 2252 1462 2282 vocis
1483 2255 1533 2285 ut,
1557 2250 1714 2289 inquisita
1735 2258 1831 2288 super
1853 2249 1913 2279 hoc
1934 2248 2125 2287 diligentius
2143 2249 2294 2286 veritate,

1283 2305 1367 2345 quod
1384 2305 1544 2335 inveniret
1560 2305 1652 2335 nobis
1667 2304 1788 2334 referre
1802 2302 1941 2334 fideliter
1956 2306 2150 2342 procuraret,
2165 2306 2200 2333 ut
2213 2301 2295 2333 rela-

1284 2359 1370 2390 tione
1397 2360 1498 2398 ipsius
1522 2358 1651 2398 plenius
1675 2357 1857 2392 informati,
1884 2356 2016 2387 utilitati
2037 2356 2140 2395 ipsius
2163 2355 2295 2387 ecclesie

1284 2421 1448 2452 possemus
1466 2420 1561 2450 super
1578 2410 1639 2442 hoe
1656 2410 1828 2441 salubriter
1845 2409 2025 2449 providere.
2045 2410 2135 2440 Idem
2152 2417 2228 2440 vero
2242 2417 2295 2440 ca-

1282 2466 1430 2505 pellanus
1443 2465 1482 2495 ad
1497 2465 1565 2496 loca
1580 2465 1613 2495 in
1631 2465 1748 2503 quibus
1765 2469 1846 2494 terre
1861 2463 1929 2502 ipse
1945 2463 2126 2494 consistunt
2140 2470 2174 2492 se
2190 2469 2294 2502 perso-

1282 2519 1399 2549 naliter
1410 2518 1544 2549 contulit
1553 2527 1602 2556 ac,
1616 2518 1710 2548 terris
1721 2518 1800 2556 ipsis
1812 2522 1843 2548 et
1852 2516 1930 2547 locis
1943 2516 2116 2555 diligenter
2128 2514 2290 2555 inspectis,

1282 2573 1376 2604 nobis
1392 2572 1529 2602 fideliter
1543 2571 1752 2612 retulitquod
1769 2571 1906 2602 invenit.
1925 2571 1991 2602 Nos
2006 2571 2130 2610 itaque,
2145 2569 2292 2600 conside·
2336 2567 2339 2576 '

1281 2627 1358 2656 ratis
1378 2626 1551 2664 diligenter
1573 2625 1824 2656 circumstantiis
1847 2624 2008 2655 universis
2031 2632 2094 2663 que
2118 2623 2202 2654 circa
2222 2631 2291 2663 pre-

1280 2680 1379 2710 missa
1392 2679 1601 2717 cognovimus
1613 2678 1818 2716 attendenda,
1832 2678 1959 2718 tuisque
1972 2677 2120 2717 precibus
2132 2674 2289 2714 inclinati,

1279 2735 1500 2766 commutandi
1520 2739 1617 2765 terras
1640 2734 1768 2765 easdem
1785 2734 1820 2763 in
1841 2733 1992 2764 meliores
2011 2737 2042 2763 et
2062 2732 2206 2763 utiliores
2229 2730 2292 2771 ipsi
2331 2741 2339 2771 '.

1280 2787 1422 2822 ecclesie,
1437 2797 1493 2817 seu
1510 2787 1582 2817 illas
1599 2787 1771 2824 vendendi,
1786 2785 1961 2816 dummodo
1976 2785 2241 2824 pretiumearum
2254 2783 2290 2814 in
2331 2795 2341 2828 ,⁵

1279 2841 1463 2880 hujusmodi
1487 2841 1635 2871 meliores
1657 2845 1688 2871 et
1705 2840 1850 2871 utiliores
1870 2839 2086 2878 possessiones
2105 2837 2243 2868 fideliter
2258 2839 2290 2867 et

1277 2894 1402 2932 integre
1419 2899 1633 2931 convertatur,
1647 2894 1674 2924 si
1689 2893 1822 2924 ecclesie
1838 2892 1978 2932 predicte
1995 2891 2115 2922 videris
2129 2889 2286 2930 expedire,

1277 2946 1411 2977 liberam
1434 2947 1490 2977 tibi
1508 2948 1696 2978 auctoritate
1711 2947 1908 2986 presentium
1927 2944 2135 2976 concedimus
2153 2942 2287 2975 faculta-

1278 3004 1380 3031 tem...
1410 3001 1479 3030 031.
1506 3000 1590 3040 apud
1618 3000 1885 3032 Urhemveteret'n
1898 3023 1905 3037 ‚
1932 3008 1953 3030 v
1980 2997 2134 3029 kalendas
2161 2995 2284 3033 martii,
2332 3032 2336 3034 v

1276 3063 1362 3085 anno
1379 3060 1504 3093 quarto.
1525 3066 1539 3082 »
