2477 3637
368 403 421 432 112
1116 400 1349 430 niths'rRES
1371 401 1423 430 DE
1447 400 1628 430 NICOtAs
1652 400 1705 429 lv.

362 469 550 500 castellanos
572 468 775 502 substituere,
795 467 855 496 nisi
871 466 909 495 de
928 466 1176 504 consangnineis
1193 467 1366 505 proximio-

364 523 452 553 ribus
468 523 626 552 dictorum
641 521 801 551 obsidum.
820 526 849 549 et
868 520 929 559 ipsi
946 519 1108 549 substituti
1127 520 1244 549 saciant
1260 520 1368 550 homa-

361 577 452 615 gium
478 584 550 605 cum
581 578 778 604 sacramento
806 573 865 611 ipsi
889 571 1023 602 Alsonso
1043 578 1073 602 et
1099 572 1271 603 heredibus
1289 573 1366 610 suis,

358 631 448 670 juxta
468 629 602 658 formam
628 627 686 656 sub
703 635 764 665 qna
780 626 921 655 defuncti
942 626 1000 664 ipsi
1021 625 1124 655 eidem
1148 625 1282 657 Alsonso
1301 626 1366 657 dic-

363 687 427 713 tum
442 682 663 720 jurameutum
676 684 705 710 et
721 679 906 717 homagium
918 679 1138 718 prestiterunt,
1151 684 1180 709 et
1191 680 1366 718 ipsacaslra

360 734 626 766 commendentur
642 738 670 763 et
688 732 854 762 tradantur
867 737 941 762 ante
957 731 1182 763 liberationem
1200 733 1300 772 ipsius
1310 732 1367 763 Ca-

359 787 418 818 roli
446 787 650 826 primogeniti
676 786 927 824 consangnineis
951 786 1201 824 proximioribus
1223 786 1365 825 ipsorum

359 842 518 872 obsidum.
541 841 578 870 Et
601 840 834 870 nichilominus
850 849 905 878 pro
922 839 1071 878 predictis
1088 840 1237 870 omnibus
1253 844 1283 870 et
1301 840 1366 869 sin-

359 895 443 934 gulis
459 893 595 924 scindici
614 893 779 923 civitatum
802 898 831 923 et
850 892 999 923 villarum
1020 893 1150 923 nomine
1166 901 1224 923 suo
1240 897 1270 923 et
1291 893 1364 923 uni-

359 949 547 978 versitatum
573 956 727 982 suarum,
750 947 887 976 barones
917 951 1024 976 autem
1049 951 1079 976 et
1104 946 1221 976 milites
1251 955 1304 985 per
1332 955 1365 975 se

359 1002 711 1040 faciantjuramentnm
730 1004 760 1030 et
781 1000 922 1038 obligent
939 1009 971 1029 se
994 1009 1066 1029 cum
1091 1000 1225 1038 publicis
1244 1000 1363 1030 instru-

359 1056 478 1086 mentis
493 1056 596 1085 eidem
617 1055 752 1085 Alsonso
769 1054 818 1083 vel
835 1054 900 1084 suis
918 1054 1087 1084 heredibus
1104 1054 1152 1084 vel
1169 1055 1237 1092 ejus
1255 1062 1365 1092 procn—

358 1111 454 1140 ratori
472 1114 545 1139 ante
561 1108 825 1138 deliberationem
846 1107 951 1138 Caroli
975 1107 1181 1146 primogeniti
1197 1107 1364 1137 memorati

358 1163 442 1202 quod
458 1162 624 1193 attendant
641 1166 670 1192 et
684 1161 838 1191 obediant
859 1161 888 1190 ei
912 1165 945 1190 ut
964 1160 1096 1191 domino
1116 1161 1166 1190 vel
1186 1161 1254 1199 ejus
1273 1160 1363 1190 here-

357 1217 460 1253 dibus,
480 1217 540 1246 nisi
558 1216 660 1245 dictus
671 1214 805 1245 Carolus
816 1214 1060 1253 primogenitus,
1075 1214 1177 1244 velita
1187 1213 1363 1252 compleve—

356 1270 408 1306 rit,
427 1269 475 1299 vel
494 1270 532 1298 ad
548 1269 649 1307 ipsius
668 1268 794 1298 Alsonsi
809 1276 968 1297 carcerem
984 1267 1125 1304 redierit,
1143 1266 1190 1296 vel
1207 1266 1363 1296 heredum

356 1332 487 1353 suorum
502 1323 586 1351 inl'ra
601 1321 779 1360 predictum
797 1321 983 1356 terminum,
998 1319 1141 1351 absolvat
1156 1328 1208 1350 eos
1221 1328 1294 1350 cum
1305 1329 1362 1358 pu-

354 1375 436 1406 blico
468 1375 686 1405 instrumento
712 1382 769 1404 suo
798 1373 903 1411 sigillo
928 1373 1066 1411 sigillato
1092 1382 1111 1402 a
1140 1372 1361 1409 naturalitate,

354 1428 506 1459 fidelitate
523 1432 553 1458 et
568 1427 711 1457 dominio
727 1427 845 1466 quibus
864 1426 925 1456 sibi
943 1429 1102 1456 tenentur.

395 1483 474 1512 Item
491 1486 564 1512 ante
588 1481 811 1511 liberationem
839 1480 941 1519 ipsius
957 1479 1061 1510 Caroli
1084 1479 1289 1518 primogeniti
1306 1479 1361 1509 de-

353 1537 429 1567 bent
444 1535 607 1574 prorogari
624 1539 653 1564 et
668 1535 792 1564 firmari
810 1538 942 1572 treugue
962 1542 1024 1572 que
1040 1538 1116 1563 sunt
1132 1532 1226 1563 hodie
1240 1533 1326 1562 iuter
1339 1554 1359 1562 ..

353 1598 461 1628 regem
474 1590 670 1619 Francorum
680 1587 841 1617 illustrem
854 1591 884 1617 et
895 1587 1034 1617 eundem
1051 1586 1234 1624 All'onsum‚
1248 1585 1361 1616 eodem

352 1643 447 1673 modo
462 1651 525 1681 quo
552 1645 713 1681 presentes
737 1645 846 1679 treuge
868 1640 939 1670 date
955 1644 985 1670 et
1006 1640 1129 1670 firmate
1146 1644 1231 1677 sunt,
1248 1649 1266 1669 a
1283 1640 1360 1670 festo

353 1696 455 1726 sancti
489 1695 654 1725 Michaelis
687 1694 831 1733 proximo
861 1698 996 1724 venturo
1033 1703 1131 1733 usque
1168 1694 1207 1723 ad
1237 1702 1358 1723 annum

352 1748 556 1788 completum,
584 1753 614 1778 et
637 1748 721 1787 qnod
737 1748 841 1777 dictus
856 1746 987 1777 Carolus
1017 1747 1248 1786 primogenitus
1267 1747 1359 1777 saciat

351 1803 420 1833 dari
442 1806 567 1840 treugas
592 1811 645 1840 per
669 1810 793 1831 annum
819 1801 997 1840 predictum
1018 1800 1212 1839 completum
1235 1800 1274 1830 de
1297 1804 1359 1830 tota

350 1856 533 1892 Provincia,
551 1855 601 1885 vel
617 1855 734 1885 Jacobo
753 1855 843 1884 fratri
862 1863 919 1884 suo
936 1859 965 1884 et
983 1863 1091 1884 eorum
1118 1854 1303 1891 heredibus,
1321 1854 1359 1884 de

351 1910 499 1941 omnibus
516 1918 578 1948 qne
595 1908 689 1938 hodie
708 1896 838 1938 tenent.¹
1188 1902 1192 1905 ’

391 1964 471 1993 Item
497 1963 599 1993 dictus
626 1961 758 1992 Carolus
778 1961 1012 2000 primogenitus
1041 1965 1109 2000 post
1134 1960 1358 1991 liberationem

351 2025 442 2047 suam
465 2016 558 2046 debet
581 2024 750 2054 procurare
773 2019 803 2044 et
827 2014 929 2044 facere
950 2014 1035 2052 quod
1053 2014 1137 2043 infra
1163 2013 1356 2052 prorogatio-

350 2079 425 2100 nem
452 2069 665 2108 predictarnm
691 2072 897 2106 treuguarnm
919 2067 988 2106 ipse
1016 2072 1046 2097 et
1073 2067 1205 2097 ecclesia
1225 2075 1358 2097 romana

351 2129 381 2156 et
396 2124 506 2164 prefati
530 2122 663 2152 Francie
685 2125 714 2152 et
735 2123 922 2160 Aragonum
943 2130 1034 2159 reges
1055 2129 1111 2160 pro
1140 2130 1173 2151 se
1199 2120 1249 2150 vel
1275 2120 1356 2150 vali—

352 2178 472 2208 toribus
501 2177 566 2207 suis
591 2176 713 2205 dabunt
741 2181 889 2213 treuguas
917 2174 1073 2213 predictas
1103 2179 1276 2204 memorato
1292 2173 1354 2217 ›Al-

350 2231 441 2262 sonso
470 2235 499 2260 et
530 2229 648 2259 Jacoho
678 2229 766 2258 fratri
795 2236 852 2258 suo
887 2232 916 2257 et
950 2227 1122 2257 heredibus
1152 2228 1294 2266 ipsorum
1321 2236 1357 2258 ac

350 2285 445 2315 etiam
484 2283 670 2313 valitoribns
709 2282 895 2312 eorumdem
935 2281 973 2311 de
1009 2281 1158 2311 omnibus
1189 2290 1251 2320 que
1281 2281 1356 2311 dicti

350 2337 504 2368 Alfonsus
527 2340 557 2366 et
580 2335 718 2366 «Iacobus
744 2339 775 2365 et
798 2334 932 2364 heredes
957 2334 1101 2374 ipsorum
1125 2334 1295 2371 tenebunt,
1319 2334 1357 2365 de

349 2400 412 2431 qua
434 2391 595 2420 dabuntur
620 2394 751 2427 treugne
775 2388 931 2419 dictorum
957 2389 1052 2418 trium
1073 2396 1234 2418 annornm
1259 2397 1277 2417 a
1304 2387 1356 2417 die

350 2444 590 2475 deliberationis
606 2452 661 2473 sue
677 2451 777 2481 usque
789 2442 829 2472 ad
849 2446 911 2472 tres
924 2451 1026 2472 annos
1039 2441 1212 2481 completos
1228 2446 1257 2471 et
1275 2441 1356 2471 ultra

349 2507 405 2538 per
419 2507 472 2528 sex
491 2506 635 2533 menses,
656 2496 684 2526 si
707 2496 812 2526 dictus
837 2495 968 2526 Carolus
992 2495 1225 2534 primogenitus
1241 2496 1275 2524 in
1291 2495 1356 2525 fine

349 2551 508 2582 dictorum
546 2550 642 2580 trium
677 2558 838 2580 annorum
870 2558 935 2579 non
966 2549 1097 2579 redierit
1126 2548 1165 2578 ad
1197 2557 1356 2579 carcerem

350 2605 476 2635 Alfonsi
490 2604 622 2643 predicti
637 2604 687 2634 vel
705 2604 859 2633 heredum
878 2604 988 2642 ipsius.
1006 2603 1097 2639 Quod
1117 2603 1178 2632 nisi
1195 2603 1311 2633 faceret
1327 2607 1357 2632 et

350 2660 522 2699 compleret
543 2663 573 2689 et
593 2659 663 2688 fieri
684 2659 799 2688 faceret
820 2661 850 2688 et
865 2657 1028 2696 compleri,
1049 2657 1097 2686 vel
1117 2657 1179 2686 nisi
1195 2657 1235 2686 ad
1251 2665 1357 2687 carce-

350 2723 418 2744 rem
435 2713 510 2743 dicti
523 2712 651 2742 All‘onsi
668 2712 715 2741 vel
733 2711 888 2742 heredum
902 2720 1034 2741 suorum
1046 2710 1178 2740 redierit
1192 2710 1277 2740 infra
1290 2718 1356 2749 pro-

351 2767 549 2805 rogationem
568 2765 785 2804 predictarum
804 2769 1010 2803 treuguarum
1030 2765 1127 2794 unius
1142 2764 1232 2800 anni,
1250 2763 1356 2794 hosta-

349 2820 400 2857 gia
430 2820 539 2849 omnia
562 2828 618 2857 per
647 2819 754 2858 ipsum
782 2817 931 2848 Carolnm
955 2817 1204 2856 primogenitum
1231 2816 1302 2846 data
1327 2820 1357 2846 et

351 2877 433 2902 terra
448 2872 611 2902 Provintie
628 2877 657 2901 et
672 2872 833 2910 quantitas
856 2871 1093 2910 quinquaginta
1111 2870 1250 2900 millium
1270 2878 1355 2899 inar-

351 2934 461 2956 carum
483 2925 607 2963 argenti
630 2933 685 2964 pro
704 2925 871 2955 securitate
899 2924 1032 2955 ecclesie
1056 2932 1188 2954 romane
1212 2922 1356 2953 facienda

351 2979 522 3016 assignata,
537 2978 600 3007 sint
619 2978 746 3008 incursa
759 2978 792 3007 in
809 2987 898 3017 posse
911 2977 1038 3008 Alsonsi
1054 2977 1185 3016 predicti
1202 2976 1250 3006 vel
1267 2976 1354 3006 here-

351 3031 428 3061 dum
444 3031 555 3069 ipsius,
575 3030 613 3059 ad
630 3031 813 3060 laciendum
829 3031 868 3061 de
884 3031 928 3060 eis
946 3039 1018 3060 suas
1034 3030 1152 3060 liberas
1165 3028 1352 3065 voluntates,

351 3083 448 3114 salvis
458 3083 620 3113 obsidibus
634 3084 697 3113 vita
711 3088 740 3113 et
753 3083 919 3120 membris,
937 3087 966 3113 et
981 3082 1065 3121 qnod
1081 3083 1186 3113 dictus
1201 3081 1355 3112 Alsonsus

1451 467 1544 497 debet
1561 475 1617 505 pro
1636 475 1669 496 se
1684 471 1714 496 et
1737 465 1854 496 Jacobo
1873 465 1969 495 fratre
1987 474 2062 503 su03
2088 469 2118 496 et
2135 465 2366 497 nichilominus
2380 467 2456 499 dari

1450 521 1544 550 l'aciat
1573 519 1612 550 ab
1638 519 1748 550 eodem
1773 518 1890 549 Jacobo
1917 523 2064 558 treuguas
2087 519 2237 550 omnibus
2259 519 2410 558 predictis
2433 529 2455 553 αι

1449 573 1564 612 quibus
1587 577 1732 611 treuguas
1749 572 1903 611 recipient
1918 576 1948 602 et
1963 580 1999 602 eo
2016 572 2109 603 modo
2124 581 2186 611 quo
2201 572 2263 603 sibi
2277 572 2455 607 dabuntura

1491 627 1572 656 Item
1588 626 1692 656 dictus
1707 625 1839 656 Carolus
1854 625 2088 664 primogenitus
2111 625 2197 655 infra
2215 634 2312 655 uuum
2327 630 2456 660 annum)

1450 685 1518 719 post
1535 679 1795 710 deliberationem
1812 687 1901 708 suam
1919 678 2102 717 procurabit
2126 683 2156 708 et
2171 679 2265 709 faciet
2281 679 2351 709 fieri
2365 679 2455 719 quoda

1450 732 1582 763 ecclesia
1600 742 1730 763 romana
1742 733 1846 762 firmet
1857 737 1886 761 et
1897 735 2055 762 assecuret
2064 732 2187 771 ydonee
2198 732 2294 771 quod,
2306 732 2370 763 nisi
2382 720 2445 764 di'

1451 790 1500 816 tus
1516 786 1646 817 Carolus
1665 786 1898 825 primogenitus
1913 785 2006 815 faciat
2021 794 2130 824 pacem
2153 785 2257 816 eidem
2274 785 2407 818 Alfonso

1448 840 1566 870 Jacobo
1583 840 1669 870 fratri
1686 849 1754 876 suo,
1772 840 1810 869 de
1827 848 1889 878 qua
1905 839 1970 868 sint
1986 839 2127 869 contenti
2139 839 2237 869 iidem
2254 839 2410 871 Alfousus
2434 849 2436 851 ’

1449 894 1518 932 ejus
1527 894 1671 929 heredes,
1692 894 1737 922 vel
1757 893 1818 922 nisi
1835 892 1967 922 redierit
1979 893 2018 922 ad
2035 901 2192 922 carcerem
2209 892 2309 931 ipsius
2324 876 2443 924 Atro·

1449 946 1532 976 infra
1555 951 1617 976 tres
1641 955 1743 976 annos
1765 951 1831 985 post
1855 945 2076 975 liberationem
2098 954 2200 982 suam,
2217 945 2302 985 quod
2317 942 2432 976 eccl-2³5

1450 1008 1513 1029 non
1527 1001 1776 1038 laciatguerram
1794 999 1927 1030 Alsonso
1942 999 2081 1037 predicto
2098 998 2146 1029 vel
2159 999 2277 1030 Jacobo
2287 999 2378 1029 fratri
2393 1007 2430 1030 si

1448 1052 1498 1082 vel
1514 1054 1686 1083 heredibus
1702 1062 1811 1083 eorum
1829 1062 1886 1084 nec
1901 1053 1992 1082 terris
2009 1061 2087 1091 quas
2102 1051 2198 1083 hodie
2214 1055 2323 1083 tenent
2337 1056 2369 1091 et
2390 1058 2433 1079 n?
2476 1044 2477 1059 ³

1448 1106 1564 1143 sidem,
1574 1107 2024 1146 necjuvabitprenoniinatum
2032 1105 2425 1145 Gai-olumprimogenitu11

1448 1169 1506 1190 nec
1519 1161 1645 1191 nocebit
1660 1161 1763 1191 eidem
1778 1161 1911 1191 Alsonso
1926 1169 1983 1191 uec
1997 1160 2114 1190 Jacobo
2125 1159 2213 1190 fratri
2222 1167 2279 1190 suo
2291 1168 2350 1190 nec
2361 1159 2403 1191 he

1447 1215 1539 1244 dibus
1555 1215 1729 1245 eorundem
1746 1224 1802 1245 nec
1820 1215 1910 1245 terris
1923 1223 2002 1253 quas
2018 1213 2112 1244 hodie
2125 1213 2332 1253 possidentex
2343 1212 2407 1254 aliq
2426 1226 2428 1239 2
2444 1246 2447 1247 ⁷

1446 1277 1556 1304 causa3
1572 1273 1612 1305 et,
1631 1277 1657 1297 si
1677 1269 1769 1298 istam
1789 1257 1990 1298 securitatem
2008 1276 2071 1297 non
2085 1266 2366 1306 procuraveritnec
2378 1266 2423 1297 θ’

1448 1320 1568 1357 fecerit,
1586 1320 1669 1350 infra
1687 1329 1786 1350 unum
1802 1329 1925 1349 annum
1937 1324 2005 1358 post
2016 1318 2280 1349 deliberationem
2296 1326 2400 1357 suam,
2424 1325 2434 1333 ²

1447 1374 1658 1413 premittitur,
1694 1374 1842 1404 admittat
1876 1373 2114 1412 qninquaginta
2147 1372 2239 1403 milia
2269 1378 2422 1404 ωὸτεειτιῑ

1446 1428 1584 1465 argenti,
1595 1436 1656 1466 que
1672 1427 1871 1466 applicentur
1885 1427 1991 1456 eidem
2001 1426 2123 1457 Afonso
2137 1429 2167 1456 et
2181 1425 2354 1456 heredibus
2365 1434 2380 1456 s
2404 1425 2432 1451 'i-
2458 1427 2463 1465 j

1446 1490 1542 1520 quam
1561 1481 1692 1519 quidem
1709 1481 1879 1519 pecuniam
1897 1485 2057 1510 assecuret
2072 1488 2128 1518 per
2145 1488 2253 1518 regem
2269 1478 2392 1518 Anglor
2415 1485 2430 1507 ,·

1444 1534 1602 1565 illustrem
1626 1539 1699 1564 aute
1717 1534 1767 1564 sui
1790 1533 2010 1564 liberationem
2032 1533 2065 1563 in
2082 1542 2172 1572 posse
2196 1533 2297 1572 ipsius
2319 1531 2426 1566 Alrouss

1444 1592 1475 1618 et
1490 1587 1644 1618 heredum
1656 1595 1786 1619 suorum
1799 1587 1857 1617 sub
1873 1588 2040 1617 securitate
2056 1589 2095 1617 de
2105 1595 2169 1626 qua
2180 1586 2279 1617 iidem
2292 1585 2422 1617 Alfons'

1444 1645 1475 1671 et
1491 1641 1625 1671 heredes
1638 1641 1707 1680 ejus
1723 1641 1787 1670 sint
1803 1641 1943 1670 contenti
1957 1651 1963 1676 3
1981 1640 2067 1670 salvo
2081 1641 2184 1679 quod,
2202 1641 2230 1670 si
2248 1640 2334 1670 infra
2347 1639 2398 1671 dic
2418 1653 2426 1683 ².
2455 1661 2457 1669 .

1444 1699 1506 1724 tres
1517 1703 1621 1724 annos
1638 1703 1745 1733 pacem
1758 1694 1867 1724 fecerit
1879 1694 1984 1724 eidem
1997 1693 2131 1724 Alsonso
2142 1698 2172 1724 et
2186 1693 2304 1724 Jacobo
2315 1697 2346 1724 et
2355 1692 2396 1724 he
2411 1695 2422 1701 ”
2454 1718 2457 1724 «

1443 1748 1538 1778 dibus
1554 1748 1632 1785 suis,
1650 1747 1689 1777 de
1707 1756 1769 1786 qua
1786 1748 1871 1777 idem
1889 1747 2042 1777 Alsonsus
2056 1752 2086 1777 et
2101 1747 2171 1786 ejus
2191 1746 2326 1777 heredes
2343 1755 2374 1786 p
2406 1746 2425 1773 :1‘
2440 1764 2442 1768 ·

1443 1801 1590 1837 existant,
1612 1800 1662 1830 vel
1677 1800 1715 1830 ad
1736 1809 1894 1830 carcerem
1911 1801 2061 1839 sepedicti
2074 1800 2201 1831 Alfonsi
2219 1799 2269 1830 vel
2288 1799 2409 1831 heredu
2451 1832 2453 1834 ,

1443 1863 1573 1885 suorum
1594 1854 1742 1891 redierit,
1760 1854 1845 1884 dicta
1865 1854 2017 1884 securitas
2033 1854 2157 1884 ratione
2176 1854 2296 1893 prefate
2311 1861 2394 1892 pene
2411 1866 2415 1879 -.
2437 1884 2442 1886 .

1441 1908 1600 1945 absoluta,
1620 1908 1733 1947 et‚ipse
1749 1907 1882 1938 Carolus
1900 1907 2134 1946 primogenitus
2155 1907 2319 1938 absolutus
2333 1915 2351 1937 a
2366 1903 2417 1946 pe*
2439 1910 2441 1913 ⁴

1441 1962 1627 1992 incursione
1643 1958 1809 2000 p1·edicte.'

1482 2015 1563 2045 Item
1595 2014 1623 2043 si
1652 2018 1809 2053 pretactus
1838 2013 1970 2044 Carolus
1999 2014 2234 2053 primogenitus
2262 2013 2348 2044 iutra

1440 2068 1539 2099 dictos
1572 2075 1674 2097 annos
1706 2075 1815 2106 pacem
1851 2076 1915 2097 nou
1950 2067 2062 2098 fecerit
2090 2067 2221 2106 prefatis
2250 2066 2386 2098 Alfonso
2415 2063 2444 2100 ²11

1439 2121 1557 2151 Jacoho
1586 2120 1676 2150 fratri
1702 2129 1758 2151 suo
1780 2125 1810 2150 et
1829 2121 2002 2151 heredibus
2025 2121 2090 2151 suis
2113 2129 2168 2160 pro
2193 2129 2227 2152 se
2256 2119 2415 2152 tat-eccle

1439 2182 1573 2204 romana
1589 2178 1619 2204 et
1642 2174 1772 2213 prelatis
1796 2174 1929 2204 Francie
1945 2178 1976 2204 et
1993 2174 2156 2212 Aragonie
2171 2174 2313 2213 regibus,
2329 2173 2369 2206 de
2389 2187 2395 2201 ο
2423 2178 2442 2208 ’ἶ;

1440 2229 1516 2259 dicti
1531 2227 1685 2258 Altonsus
1711 2232 1741 2258 et
1768 2229 1838 2267 ejus
1866 2228 2000 2258 heredes
2016 2228 2117 2267 pacati
2133 2228 2292 2265 existant,
2315 2227 2366 2258 vel
2388 2234 2414 2253 Ν
2432 2219 2449 2260 'J

1440 2282 1570 2312 redierit
1583 2281 1623 2311 ad
1637 2290 1796 2312 carcerem
1803 2282 1946 2321 ejusdem
1961 2281 2084 2312 Alfonsi
2097 2281 2146 2311 vel
2161 2281 2319 2312 heredum
2330 2280 2390 2321 ipsi
2428 2283 2436 2303 ³-

1439 2335 1583 2373 hostagia
1618 2334 1726 2364 omnia
1762 2344 1817 2374 per
1856 2335 1963 2374 ipsum
1999 2334 2152 2365 Cat-olum
2188 2334 2382 2374 primogenit
2401 2338 2413 2367 -ζ
2440 2347 2441 2350 “

1440 2389 1510 2418 data
1539 2391 1568 2418 et
1595 2393 1675 2418 terra
1701 2388 1869 2418 Provincia
1897 2389 1938 2418 sit
1957 2389 2087 2418 incursa
2109 2388 2143 2418 in
2169 2396 2260 2427 posse
2283 2387 2385 2418 dictor
2404 2393 2434 2420 ‚ta

1439 2441 1565 2472 Alfonsi
1589 2441 1638 2471 vel
1661 2441 1816 2471 heredum
1839 2442 1950 2480 ipsius,
1971 2441 2011 2472 ad
2034 2441 2216 2473 faciendum
2237 2441 2278 2472 de
2301 2441 2348 2472 eis

1440 2495 1558 2525 liberas
1572 2495 1761 2532 voluntates,
1776 2495 1873 2525 salvis
1889 2496 1965 2535 ipsis
1978 2495 2142 2526 obsidibus
2157 2497 2222 2527 vita
2232 2497 2262 2526 et
2277 2494 2384 2526 memb
2404 2526 2408 2528 ,
2434 2536 2437 2538 -

1440 2553 1471 2579 et
1495 2548 1582 2579 salvo
1605 2548 1690 2587 qnod
1716 2548 1742 2578 si
1762 2549 1961 2587 contingeret
1982 2549 2088 2588 ipsum
2108 2549 2259 2580 Carolum
2282 2539 2431 2588 primwf

1441 2602 1544 2632 nitum
1571 2601 1653 2632 mori
1683 2602 1768 2632 infra
1784 2602 1881 2632 dictos
1907 2607 1969 2633 tres
1983 2611 2086 2633 annos
2111 2607 2142 2633 et
2165 2602 2329 2634 occasione
2344 2611 2394 2632 im

1439 2655 1552 2685 mortis
1563 2655 1820 2694 supervenientis
1837 2664 1901 2686 non
1916 2660 2020 2695 posset
2035 2665 2145 2695 pacem
2160 2655 2274 2693 facere,
2290 2659 2325 2686 ut
2339 2664 2358 2695 p
2382 2668 2401 2688 2,

1439 2709 1532 2745 citur,
1551 2708 1696 2746 hostagia
1712 2718 1766 2748 per
1781 2710 1886 2748 ipsum
1902 2709 1975 2739 data
1986 2713 2016 2739 et
2030 2713 2112 2740 terra
2122 2708 2293 2740 Provincia
2304 2715 2370 2740 non
2383 2706 2404 2744 :j
2423 2710 2427 2734 ·I

1440 2762 1569 2791 incursa
1593 2761 1628 2790 in
1651 2770 1742 2801 posse
1761 2762 1919 2793 dictorum
1944 2762 2071 2794 Alfonsi
2096 2766 2127 2793 et
2145 2761 2304 2793 heredum
2321 2760 2394 2801 ip‘-
2412 2756 2421 2767 ³

1440 2814 1494 2844 sed
1516 2814 1590 2844 dicti
1605 2814 1732 2844 obsides
1756 2822 1945 2846 remaneant
1967 2820 1998 2846 et
2021 2816 2086 2846 sint
2101 2815 2160 2846 sub
2176 2815 2406 2854 obligatione„
2416 2815 2438 2884 d

1439 2871 1470 2897 et
1484 2867 1553 2906 ejus
1573 2867 1716 2898 dominio
1739 2868 1850 2899 tandiu
1869 2869 1970 2900 donec
1994 2869 2100 2908 ipsum
2123 2868 2289 2907 negotium
2310 2875 2366 2908 per

1439 2929 1520 2959 cem,
1536 2920 1575 2951 de
1594 2930 1656 2960 qua
1672 2922 1783 2960 prefati
1800 2922 1952 2953 Alsonsus
1973 2926 2004 2952 et
2025 2921 2158 2952 heredes
2173 2922 2223 2952 sui
2240 2921 2341 2962 pacati
2361 2933 2378 2946 :-

1441 2978 1518 3011 tant,
1535 2974 1632 3005 suerit
1649 2980 1884 3013 consumatum,
1901 2975 1998 3006 salvis
2014 2975 2136 3006 eisdem
2154 2975 2317 3006 obsidibus
2413 2985 2417 2997 ·.
2438 2974 2441 3008 J

1440 3028 1614 3067 membris3
1631 3033 1660 3059 et
1678 3034 1976 3068 quantumcumque
1992 3029 2159 3059 differatur
2175 3029 2260 3069 pacis
2275 3027 2411 3068 perfec

1439 3081 1494 3112 fiet
1511 3082 1668 3113 restitutio
1687 3083 1725 3113 de
1742 3083 1896 3122 hostagiis
1913 3087 1982 3123 post
1995 3083 2082 3122 pacis
2097 3082 2334 3122 perfectionem.
2407 3095 2410 3108 v
2436 3091 2442 3106 ι
