2477 3637
204 377 237 406 12
946 371 1182 402 REGISTRES
1205 373 1259 402 DE
1282 372 1466 403 NICOLAS
1490 374 1545 403 IV.

241 443 355 472 Eisdem
375 441 500 471 inhibet
516 449 555 470 ne
579 440 610 469 in
637 440 780 469 futurum
805 438 1042 477 provinciarum
1064 438 1206 476 ipsorum

200 495 323 526 ordinis
340 508 353 521 α
375 494 536 524 distinctio
552 502 606 523 sen
627 493 756 528 divisio,
777 491 826 521 vel
847 500 1001 521 novarum
1027 491 1206 529 provincia-

201 557 274 578 rum
297 546 537 586 multiplicatio,
562 546 681 584 absque
706 544 862 583 pontificis
885 544 1021 573 Romani
1047 543 1206 582 presentia

201 605 232 631 et
249 602 348 640 ipsius
365 600 493 629 licentia
510 598 654 638 speciali,
676 607 730 636 per
746 598 814 635 ejus
831 601 972 635 patentes
994 596 1116 626 litteras
1130 605 1206 626 con-

201 653 342 684 cedenda
364 653 515 682 facientes
544 651 671 690 plenam
694 654 724 679 et
749 658 929 688 expressam
958 650 996 679 de
1022 649 1207 688 hujusmodi
1246 645 1247 651 ¹

202 710 327 742 statuto⁷
343 705 543 735 ordinatione
556 712 591 734 ac
609 703 812 739 inhibitione,
832 711 955 733 necnon
975 707 1005 732 et
1020 702 1059 732 de
1076 703 1207 733 nomine

201 758 307 789 dilecti
333 758 391 788 filii
418 758 515 788 nostri
536 758 575 786 M.
607 756 721 786 Sancte
747 756 847 786 Marie
869 756 901 785 in
928 756 1055 786 Porticu
1080 756 1207 786 diaconi
1246 750 1247 755 ¹

202 811 385 848 cardinalis,
403 812 452 841 cui
469 810 669 849 gubernatio,
689 810 839 848 protectio
854 813 884 839 et
899 810 1051 839 correctio
1071 809 1207 839 fratrum

202 865 298 896 vestri
309 865 432 895 ordinis
449 874 503 904 per
517 864 623 894 sedem
643 863 846 902 apostolicam
863 867 938 892 sunt
953 863 1138 897 commisse,
1158 861 1207 891 vel

202 920 270 958 ejus
281 919 332 949 cni
348 927 400 949 eas
415 918 570 948 committi
583 917 752 955 contigerit
764 917 796 946 in
809 917 954 947 futurum
971 915 1208 955 quomodolibet
1246 920 1247 927 ¹

201 977 412 1011 presumatur.
434 984 445 998 ι)

243 1037 254 1052 ιι
278 1025 359 1061 Quia
377 1025 613 1064 provinciarum
630 1024 791 1055 ordinis...
809 1041 847 1046 -
864 1024 935 1054 Dat.
954 1028 988 1053 ut
1004 1032 1109 1062 supra.
1128 1035 1140 1049 »

273 1184 330 1212 66
691 1182 902 1214 Saint-Pierre,
921 1183 954 1210 30
969 1183 1038 1209 avril
1058 1182 1133 1209 1288.

236 1247 336 1275 Ordini
351 1248 471 1274 fratrum
486 1247 629 1273 minorum
641 1247 820 1282 exceptionis
834 1246 1016 1281 privilegium
1028 1245 1205 1273 conceditur.

203 1296 284 1329 (Rno.
303 1297 345 1328 44,
363 1304 387 1322 c.
406 1296 448 1327 33,
466 1296 484 1322 f.
502 1296 517 1323 9
534 1303 572 1328 r⁰;
593 1294 710 1328 porra„
726 1295 836 1328 22697.)

241 1401 369 1430 Eisdem.
390 1398 506 1428 Eorum
528 1397 611 1427 hona
628 1396 758 1426 mobilia
774 1401 804 1426 et
819 1395 1008 1432 immobilia,
1027 1396 1208 1435 praesentia

203 1459 232 1485 et
247 1454 353 1484 futura
371 1451 564 1490 exceptionis
580 1450 749 1490 privilegio
764 1450 896 1489 gauderi
913 1450 1066 1481 decernit.

246 1519 259 1534 ι
281 1506 362 1543 Quia
379 1505 529 1535 nonnulli
552 1505 644 1543 qni...
663 1520 704 1526 —
722 1504 793 1533 Dat.
812 1504 932 1541 Rome,
952 1503 1035 1542 apud
1054 1503 1206 1534 Sanctum

201 1560 351 1596 Petrum,
373 1569 395 1588 11
415 1558 568 1588 kalendas
585 1557 678 1593 maii,
697 1565 782 1587 anno
799 1557 910 1596 primo.
930 1569 942 1584 ι

272 1717 328 1745 (3¹2
695 1715 905 1747 Saint-Pierre,
923 1716 956 1743 30
971 1716 1040 1742 avril
1058 1715 1134 1743 1288.

237 1780 409 1808 Prohibetur
432 1788 467 1806 ne
487 1779 553 1814 quis
577 1778 662 1810 ordo,
688 1779 781 1805 adhuc
803 1786 859 1805 non
883 1778 1011 1805 existens
1027 1778 1152 1809 Assisii,
1179 1779 1207 1805 in

202 1830 300 1857 eadem
313 1829 426 1856 civitate
438 1829 585 1862 acquirere
598 1828 640 1853 vcl
655 1827 805 1854 aedificare
821 1828 849 1853 in
865 1827 992 1854 futurum
1008 1827 1110 1853 valeat.
1124 1827 1206 1860 (Rno.

202 1880 245 1910 44,
262 1887 288 1905 c.
306 1878 349 1910 34,
366 1878 384 1904 f.
401 1878 416 1904 9
433 1885 473 1910 νος
492 1877 609 1907 Pori-fl„
627 1876 735 1907 22694.)

242 1981 362 2010 Dilectis
387 1980 487 2017 filiis..
516 1981 658 2008 ministro
689 1980 846 2017 provincie
879 1984 930 2009 et..
959 1980 1074 2009 custodi
1104 1980 1209 2009 Sancti

202 2034 368 2070 FrancIsci,
386 2042 420 2062 ac
435 2033 582 2070 fratribus
600 2033 717 2062 ordinis
730 2034 866 2069 fratrum
878 2033 1035 2062 minorum
1050 2033 1085 2062 de
1099 2034 1206 2063 Asisio.

203 2086 318 2117 Statuit
341 2091 371 2116 et
394 2086 519 2116 ordinat
538 2090 572 2115 ut
595 2097 608 2111 «
633 2085 714 2115 nulli
731 2086 863 2116 omnino
885 2085 1058 2116 mulierum
1081 2087 1207 2116 mendi-

203 2141 344 2170 cantium
363 2139 413 2169 vel
430 2148 493 2169 non
508 2139 750 2169 mendicantium
762 2148 817 2169 seu
829 2138 966 2169 aliarum
979 2140 1207 2178 quarumlibet,

203 2197 258 2223 aut
268 2193 489 2231 religiosorum
507 2192 763 2222 mendicantium
779 2192 885 2222 ordini
907 2192 1001 2222 liceat
1020 2194 1208 2229 oratorium,

203 2246 446 2282 monasterium,
460 2245 624 2275 ecclesiam
641 2245 690 2275 vel
705 2245 809 2275 locum
826 2245 1010 2284 religiosum
1031 2246 1065 2275 in
1083 2246 1209 2276 civitate

203 2298 344 2338 predicta
360 2298 409 2328 vel
433 2299 502 2337 ejus
518 2299 697 2335 suburbiis,
715 2307 770 2329 seu
799 2299 894 2329 etiam
912 2303 999 2329 extra
1019 2299 1097 2338 ipsa,
1128 2300 1212 2330 infra

203 2351 412 2382 ducentarum
434 2360 610 2381 cannarum
632 2352 788 2390 spatium,
807 2360 1008 2391 quocumque
1036 2353 1130 2383 modo
1154 2353 1210 2383 ha-

204 2406 278 2435 bere
285 2415 294 2442 ;
318 2404 465 2444 quodque
488 2404 596 2434 nullus
614 2405 739 2444 penitus
755 2405 794 2434 de
811 2405 977 2435 ordinibus
996 2414 1059 2436 non
1083 2406 1209 2438 mendi·

204 2458 350 2488 cantibus
371 2458 468 2497 possit
487 2459 521 2487 in
544 2458 670 2487 civitate
691 2467 726 2487 ac
744 2458 905 2488 suburbiis
925 2460 1128 2497 memoratis,
1154 2469 1208 2490 seu

205 2516 292 2541 extra
310 2510 375 2548 illa,
400 2511 484 2540 infra
501 2510 679 2550 predictum
695 2511 833 2550 spatium
854 2523 866 2537 ι»
885 2511 924 2541 de
941 2520 1024 2542 novo
1045 2513 1211 2552 acquirere

205 2564 255 2594 vel
276 2564 454 2594 aedificare.
477 2564 651 2594 Ordinibus
674 2569 781 2594 autem
802 2573 865 2594 non
883 2565 1139 2597 mendicantibus
1155 2567 1209 2606 qui

205 2616 272 2647 loca
288 2616 434 2655 religiosa
451 2617 485 2646 in
504 2617 631 2647 civitate
645 2626 680 2647 ac
694 2617 855 2648 suburbiis
873 2618 1041 2657 praedictis
1057 2619 1096 2649 ad
1119 2629 1210 2659 prae-

206 2678 278 2700 sens
295 2670 424 2708 habent,
441 2679 477 2700 ea
494 2675 602 2701 tenere
614 2671 717 2708 liceat,
736 2680 772 2701 ac
787 2671 884 2701 etiam
900 2672 934 2702 in
945 2672 1167 2704 eisaedificare
1180 2678 1211 2704 et

207 2723 323 2753 habere
339 2728 532 2754 conventum
551 2724 600 2753 sui
617 2724 780 2754 dumtaxat
796 2725 928 2755 ordinis.

249 2788 261 2802 ι
289 2776 372 2806 Dum
399 2776 532 2807 sollicite
548 2777 849 2808 considerationis...
867 2795 904 2800 -
921 2779 994 2809 Dat.
1014 2783 1168 2819 utsupra.
1196 2792 1209 2808 »

279 2926 335 2954 68
697 2928 907 2960 Saint-Pierre,
925 2929 958 2957 30
973 2931 1042 2957 avril
1061 2931 1139 2959 1288.

244 2988 366 3015 Eaedem
384 2989 493 3016 litterae
510 2993 539 3016 ut
557 2998 653 3025 supra.
679 2990 767 3023 (Rae.
788 2990 835 3021 44,
855 2999 880 3018 c.
896 2991 939 3025 35,
962 2992 980 3018 f.
999 2992 1015 3019 9
1032 2999 1075 3027 v⁰;
1094 2993 1211 3027 Pomm..

208 3038 315 3069 22694.)

1331 439 1448 468 Dilecti's
1471 441 1501 469 1'11
1525 440 1642 469 Christo
1662 440 1808 477 filiabus..
1836 441 1981 470 abbatisse
2003 446 2029 470 et
2047 442 2208 471 conventui
2230 450 2297 471 mo-

1288 494 1416 522 nasterii
1431 494 1539 523 Sancte
1555 494 1640 523 Clare
1654 493 1687 522 de
1702 494 1808 523 Asisio.

1330 558 1344 572 a
1370 546 1455 576 Dum
1471 546 1606 577 sollicite
1621 547 1924 577 considerationis...
1942 565 1980 569 ——
2000 548 2041 579 Ut
2057 557 2161 587 supra.
2182 560 2195 575 a

1359 711 1412 738 ⁶8
1918 711 2009 746 Rieti,
2029 714 2057 740 14
2075 714 2129 740 mai
2149 713 2223 740 1288.

1324 773 1367 799 Ne
1384 777 1449 807 post
1464 774 1605 808 generalis
1621 775 1745 801 ministri
1761 774 1870 801 ordinis
1891 775 2009 802 fratrum
2027 776 2168 802 minorum
2186 776 2297 802 obitum

1246 842 1247 852 ,
1288 822 1413 848 vicarius
1429 823 1570 856 generalis
1586 823 1694 858 absque
1710 823 1831 850 Romani
1849 823 1993 858 pontificis
2009 824 2122 851 licentia
2137 825 2295 851 constitua-

1290 875 1345 898 tur.
1366 871 1446 905 (ΠΕΟ.
1465 872 1508 903 44,
1526 880 1551 898 c.
1571 872 1614 906 36,
1632 873 1650 899 f.
1667 873 1682 900 9
1699 880 1742 906 v⁰;
1761 872 1878 906 Por'rn„
1895 872 2005 905 22708.)

1330 974 1450 1003 Dilectis
1475 974 1575 1010 filiis..
1603 975 1794 1011 yeneratibus
1823 980 1849 1004 et
1879 974 2119 1011 provincialibus
2145 976 2297 1004 ministris

1289 1035 1323 1055 ac
1350 1028 1503 1056 universis
1525 1027 1672 1063 fratribus
1698 1028 1817 1056 ordinis
1833 1029 1970 1064 fratrum
1993 1029 2151 1057 minorum
2171 1027 2298 1057 inhibet

1290 1088 1331 1109 ne
1349 1079 1510 1118 generalis
1526 1079 1647 1109 ordinis
1664 1080 1836 1119 supradicti
1857 1080 2013 1117 vicarius,
2042 1079 2131 1110 nullo
2155 1079 2298 1118 generali

1291 1133 1448 1162 existente
1474 1133 1638 1169 ministro,
1663 1132 1866 1172 aliquatenus
1895 1133 2106 1163 constituatur
2127 1133 2177 1163 vel
2201 1133 2298 1163 etiam

1288 1191 1470 1217 assumatur
1480 1186 1600 1224 absque
1615 1186 1753 1216 Romani
1765 1186 1922 1225 pontificis
1933 1190 1964 1216 et
1977 1186 2019 1216 M.
2031 1186 2165 1216 Sanctae
2177 1186 2297 1216 Mariae

1246 1234 1248 1244 '
1289 1239 1322 1268 in
1342 1239 1470 1269 Porticu
1488 1239 1613 1269 diaconi
1635 1239 1818 1275 cardinalis,
1844 1239 1896 1269 cni
1917 1239 2122 1277 gubernatio,
2149 1238 2298 1278 protectio

1246 1281 1248 1293 A

1290 1296 1321 1321 et
1335 1293 1487 1322 correctio
1504 1293 1638 1322 fratrum
1654 1293 1798 1331 ejusdem
1821 1292 1956 1329 ordinis,
1976 1301 2030 1331 per
2045 1292 2153 1322 sedem
2175 1295 2299 1331 aposto-

1290 1345 1384 1375 licam
1414 1349 1489 1375 sunt
1515 1346 1719 1380 commissae,
1754 1346 1804 1376 vel
1831 1346 1900 1385 ejus
1923 1347 1975 1376 cui
2003 1354 2056 1376 eas
2088 1347 2122 1376 in
2155 1345 2300 1376 futurum

1290 1399 1627 1441 committicontigerit
1638 1422 1646 1436 ,
1663 1399 1792 1430 lieentia
1808 1399 1956 1438 speciali,
1973 1408 2029 1438 per
2044 1399 2145 1439 ipsius
2162 1399 2299 1430 Romani

1290 1452 1450 1491 pontificis
1467 1454 1609 1491 patentes
1625 1452 1746 1482 litteras
1765 1453 1978 1483 concedenda.

1334 1518 1348 1532 ιι
1372 1506 1532 1542 Quoniam
1546 1510 1711 1536 revocatur
1725 1515 1781 1536 a...
1800 1523 1839 1527 —
1853 1506 1926 1536 Dat.
1945 1507 2054 1544 Reate,
2073 1516 2095 1536 11
2120 1506 2194 1536 idus
2209 1505 2298 1543 maii,

1290 1565 1376 1587 anno
1396 1557 1509 1595 primo.
1525 1569 1537 1583 n

1363 1716 1421 1744 τι)
1915 1713 1994 1742 Rieti
2005 1733 2011 1745 ‚
2030 1715 2062 1742 14
2077 1716 2133 1742 mai
2149 1715 2225 1743 1288.

1325 1778 1369 1805 Ne
1383 1779 1485 1806 fratres
1501 1778 1610 1805 ordinis
1624 1778 1744 1805 fratrum
1760 1778 1919 1810 minorum,
1943 1777 1991 1812 qui
2007 1780 2073 1812 post
2088 1777 2299 1813 professionem

1289 1827 1393 1854 factam
1408 1827 1442 1853 ad
1458 1827 1529 1853 alios
1545 1826 1660 1853 ordines
1676 1827 1877 1857 transiverint,
1903 1825 1938 1852 ad
1953 1825 2061 1862 nullam
2075 1825 2300 1852 administratio-

1291 1885 1356 1903 nem
1372 1876 1416 1902 vel
1431 1877 1600 1910 dignitatem
1617 1876 1727 1903 assumi
1743 1876 1866 1911 possint.
1892 1874 1982 1910 (Rno.
2001 1875 2049 1909 44,
2069 1883 2095 1902 c.
2115 1875 2159 1907 37,
2182 1875 2202 1902 f.
2220 1874 2236 1902 9
2252 1879 2298 1909 v⁰;

1292 1925 1410 1955 Purra..
1426 1924 1537 1958 22707.)
2030 1923 2042 1930 “

1332 2028 1459 2057 Eisdem.
1482 2039 1495 2053 ι(
1513 2027 1550 2057 In
1575 2026 1670 2056 vestri
1688 2026 1811 2057 ordinis
1827 2025 1956 2064 regula,
1975 2035 2031 2065 per
2050 2025 2158 2056 sedem
2173 2028 2298 2065 aposto-

1291 2080 1386 2110 licam
1402 2080 1601 2117 confirmata,
1616 2080 1701 2110 inter
1715 2084 1818 2110 cetera
1836 2080 2029 2117 continetur,
2046 2079 2130 2118 quod
2148 2087 2219 2109 eam
2230 2086 2300 2117 pro-

1291 2134 1382 2164 fessis
1412 2133 1450 2163 de
1482 2133 1549 2172 ipsa
1578 2133 1686 2171 egredi
1719 2133 1808 2164 nullo
1843 2133 1935 2163 modo
1961 2132 2086 2169 licebit,
2122 2140 2182 2162 nec
2211 2131 2300 2162 vobis

1291 2187 1478 2218 licentiandi
1493 2191 1523 2217 et
1537 2186 1722 2217 absolvendi
1737 2187 1777 2217 ab
1792 2187 1904 2218 ordine
1920 2188 1987 2226 ipso
1999 2189 2134 2226 potestas
2149 2185 2299 2216 tribuitur

1292 2249 1329 2270 ex
1348 2239 1459 2278 regula
1477 2239 1670 2278 supradicta.
1694 2240 1755 2270 Sed
1772 2239 1921 2270 nonnulli
1937 2239 2060 2270 ordinis
2077 2239 2171 2270 vestri
2188 2238 2300 2268 fratres

1291 2298 1360 2333 post
1382 2294 1495 2323 factam
1531 2294 1564 2322 in
1594 2293 1662 2332 ipso
1693 2293 1921 2332 professionem
1959 2293 1998 2323 ab
2030 2293 2076 2323 eis
2111 2292 2300 2323 infirmitate

1292 2347 1436 2383 mentita,
1455 2351 1485 2376 et
1499 2346 1570 2376 aliis
1586 2346 1736 2376 confectis
1754 2346 1940 2384 mendaciis,
1958 2355 1993 2376 ac
2012 2356 2066 2385 per
2088 2345 2298 2385 malignitatis

1291 2401 1438 2436 astutias,
1456 2400 1674 2430 occasionibus
1689 2400 1784 2430 variis
1800 2400 1998 2436 adinventis,
2017 2404 2048 2431 et
2068 2399 2298 2430 ambitionibus

1292 2454 1506 2484 crescentibus
1534 2454 1567 2483 in
1593 2453 1729 2491 eisdem,
1759 2462 1776 2483 a
1804 2454 2020 2492 superioribus
2040 2454 2106 2484 suis
2133 2453 2298 2484 interdum

1292 2507 1430 2537 exeundi
1447 2507 1486 2537 de
1501 2507 1612 2537 ordine
1628 2507 1695 2545 ipso
1710 2506 1872 2537 licentiam
1884 2507 2056 2546 postulant,
2068 2515 2202 2546 eamque
2217 2506 2298 2538 obti-

1293 2565 1371 2591 nent
1396 2561 1435 2590 ab
1461 2561 1591 2591 eisdem.
1620 2560 1786 2591 Interdum
1813 2570 1886 2591 vero
1910 2561 2089 2592 illicentiati
2115 2565 2233 2592 exeunt
2261 2561 2300 2592 de

1293 2615 1415 2652 eodem,
1433 2614 1474 2644 ad
1490 2614 1568 2644 alios
1585 2614 1713 2644 ordines
1730 2614 1945 2652 convolantes,
1958 2615 1991 2644 in
2011 2615 2126 2654 quibus
2140 2615 2181 2644 ad
2195 2614 2297 2653 digni·

1294 2672 1382 2705 tates,
1398 2667 1574 2706 prelaturas
1591 2670 1622 2697 et
1637 2667 1739 2698 officia
1759 2672 1984 2705 assumuntur,
2004 2676 2068 2698 non
2084 2667 2154 2697 sine
2174 2667 2300 2707 proprie

1293 2721 1404 2751 salutis
1420 2720 1596 2760 dispendio,
1615 2725 1645 2750 et
1662 2721 1866 2759 derogatione
1891 2729 1955 2751 non
1979 2721 2103 2751 modica
2125 2721 2300 2752 honestatis

1292 2774 1415 2805 ordinis
1432 2773 1637 2804 memorati...
1661 2785 1674 2800 ι»

1335 2827 1463 2857 Inhibet
1478 2827 1577 2865 igitur
1592 2836 1668 2866 papa
1681 2836 1721 2857 ne
1736 2827 1849 2858 fratres
1863 2827 2012 2867 praedicti
2027 2827 2150 2858 ordinis
2163 2828 2298 2859 fratrum

1293 2881 1457 2910 minorum
1479 2880 1534 2918 qui
1553 2884 1621 2918 post
1640 2880 1870 2919 professionem
1893 2880 1932 2911 ab
1952 2880 2031 2919 ipsis
2049 2881 2083 2910 in
2104 2881 2217 2912 ordine
2239 2881 2302 2912 fac-

1296 2937 1376 2970 tam,
1407 2933 1446 2962 ad
1476 2941 1693 2973 quoscumque
1717 2933 1795 2964 alios
1827 2933 1972 2971 ordines,
2000 2933 2128 2964 obtenta
2158 2933 2207 2965 vel
2236 2943 2298 2966 non

1293 2985 1420 3016 obtenta
1449 2995 1466 3015 a
1495 2986 1712 3024 superioribus
1749 2987 1814 3017 suis
1843 2986 1989 3023 licentia,
2025 2988 2222 3018 transierunt
2251 2988 2299 3018 vel

1295 3039 1491 3075 transierint,
1515 3051 1528 3066 α
1555 3039 1593 3069 ad
1615 3039 1740 3070 nullam
1760 3040 1892 3070 omnino
1912 3039 2223 3071 administrationem
2249 3041 2300 3071 vel
