2342 3652
60 1183 65 1197 t

40 1294 69 1335 ρ

28 1375 73 1507 't

52 2156 61 2217 ψ’·
48 2049 67 2142 .··.<r'
55 2024 60 2034 s

46 2468 68 2518 '·'⁴
56 2444 62 2454 ·
48 2365 73 2421 *tel
48 2223 72 2354 'tn-70

51 2692 71 2833 '‘·*xe‘u-f·
51 2551 67 2634 “41

930 374 1158 411 DEUXIEME
1178 375 1337 409 ANNEE.

97 453 220 484 illustri.
241 463 254 477 ιι
271 451 360 480 Inter
372 454 475 479 cetera
491 449 742 479 sollicitudinum
759 448 864 478 studia
877 458 938 486 que
951 447 1094 477 humeris

97 505 181 544 regie
208 502 498 540 circumspectionis
516 502 721 537 incumbunt,
747 500 827 530 illud
853 501 1001 530 convenit
1028 508 1094 528 esse

95 558 279 598 precipuum
302 560 336 584 nt
356 554 492 593 prelatos
509 560 539 583 et
555 554 704 584 ecclesias
723 554 815 591 regni
833 555 893 590 tui,
913 562 949 582 ac
967 554 1048 582 bona
1066 558 1096 581 et

95 613 166 652 jura
181 611 339 648 ipsorum,
363 607 580 637 laudabilibus
597 606 838 644 progenitorum
858 612 983 635 tuorum
999 606 1094 634 inhe-

98 663 195 695 rendo
211 661 365 699 vestigiis,
382 661 498 690 favoris
513 660 592 697 regii
610 668 666 698 ope
682 660 850 689 confoveas
866 665 896 688 et
911 658 1020 688 sedule
1029 667 1096 696 pro-

97 716 240 748 tectionis
254 714 374 744 auxilio
392 714 604 752 prosequaris,
621 722 639 742 a
658 713 910 750 gravaminibus,
929 712 1056 750 injuriis
1068 715 1096 740 et

62 779 66 782 ·
95 770 222 811 jacturis
239 777 348 798 eorum
369 767 503 797 sollicite
522 766 723 801 abstinendo,
743 771 777 794 nt
795 771 825 794 et
840 765 962 803 prelati,
981 764 1096 793 talibus

98 823 170 854 ffllti
187 821 344 861 presidiis,
365 820 474 850 utilius
500 825 530 849 et
546 820 677 848 liberius
696 818 860 857 pastoralis
881 818 974 848 officii
995 823 1097 856 partes

98 881 272 911 exerceant,
290 879 321 904 et
346 873 478 904 ecclesie
496 872 681 911 hujusmodi
706 872 865 909 suffragiis
883 871 1097 901 communiter

94 927 314 970 spiritualibus
332 932 363 957 et
381 926 618 966 temporalibus,
630 925 767 955 Domino
776 926 912 960 favente,
929 924 1098 962 proficiant

95 977 312 1012 incrementis.
329 980 419 1009 Circa
436 980 469 1008 id
483 988 609 1018 quoque
627 978 742 1016 regalis
759 977 941 1007 sublimitas
957 986 990 1006 se
1005 977 1098 1006 debet

95 1031 242 1066 &hibere
260 1033 427 1062 sollicitam
445 1037 475 1062 et
495 1041 550 1071 per
566 1032 713 1061 eflectum
728 1031 833 1069 operis
854 1031 1046 1065 studiosam,
1065 1034 1098 1058 ut

97 1089 130 1120 in
146 1087 214 1128 0105
230 1087 329 1123 curia,
355 1096 416 1125 que
442 1086 616 1115 innumera
632 1085 763 1123 suscipit
778 1084 953 1114 decidenda
972 1083 1097 1121 negotia

96 1149 266 1186 pausasque
276 1139 469 1178 multiplices
483 1139 711 1174 terminandas,
722 1138 845 1178 justitie
858 1137 1023 1176 plenitudo
1036 1145 1096 1165 res-

51 1205 54 1216 =
96 1193 256 1233 plendeat,
269 1192 470 1222 observantia
482 1192 586 1229 vigeat
598 1192 756 1229 equitatis.
770 1191 837 1220 Hec
846 1195 920 1219 sunt
932 1190 1018 1219 enim
1036 1198 1097 1227 que

96 1254 302 1287 personarum
323 1245 511 1274 sublimium
529 1248 618 1282 gesta
642 1244 830 1280 clarificant,
850 1253 912 1282 que
930 1242 1099 1272 stabiliunt

95 1307 193 1338 regna
202 1298 399 1337 principibus
412 1300 452 1333 et,
464 1300 567 1336 preter
576 1296 826 1326 humanelaudis
837 1301 926 1325 aucta
937 1296 1096 1334 preconia,

96 1351 218 1408 celestis
235 1360 368 1380 munera
386 1351 486 1388 gratie
503 1354 734 1389 promerentur.
752 1351 845 1384 Sane,
865 1349 913 1378 fin
922 1357 1097 1384 0311551010

96 1395 162 1444 nup
151 1396 196 1435 'er
209 1404 249 1434 ad
265 1409 410 1434 nostrum
426 1404 571 1442 pervenit
587 1403 733 1433 auditum
751 1403 835 1442 quod
852 1403 886 1431 in
906 1403 994 1432 curia
1010 1403 1097 1441 ipsa,

45 1446 259 1523 ῖίᾗ11301ν15,
287 1462 320 1487 01
345 1457 476 1493 dicitur,
500 1457 578 1486 viris
605 1457 750 1486 decorata
776 1456 1007 1495 prudentibus,
1035 1464 1099 1485 non

45 1469 226 1555 {absque
228 1510 310 1553 ]“01·15
325 1511 458 1550 injuria,
476 1515 629 1541 statutum
649 1520 705 1540 seu
721 1515 921 1546 consuetum,
942 1514 976 1539 ut
1000 1510 1100 1548 patrie

94 1556 202 1615 verbis
214 1569 366 1608 utamur,
387 1565 452 1594 sole
476 1564 654 1594 dinoscitur
673 1564 757 1602 quod
775 1564 809 1593 10
835 1572 871 1592 03
896 1562 979 1592 00111
998 1563 1100 1601 p1ela·

97 1606 202 1668 tornm
211 1613 308 1656 regni
323 1617 455 1656 predicti
473 1627 529 1656 per
545 1623 780 1656 procuratorem
795 1616 1033 1656 quantumlibet
1051 1616 1099 1644 le-

96 1661 208 1710 gitime
224 1672 432 1702 constitutum
449 1680 542 1709 agere
554 1671 658 1707 liceat,
679 1671 728 1700 vel
746 1671 905 1700 actionem
917 1670 1012 1699 etiam
1030 1677 1101 1698 mo-

99 1725 201 1761 dicam
213 1725 470 1764 quomodolibet
508 1725 716 1763 intemptaie,
752 1724 960 1763 quamobrem
1003 1723 1100 1753 iidem

98 1772 223 1818 prelati,
249 1783 342 1817 prout
369 1778 542 1816 fidedignis
568 1778 711 1818 aperitur
738 1778 908 1815 affatibus,
928 1781 957 1807 et
983 1781 1102 1807 attenta

99 1831 170 1862 facti
186 1832 399 1862 consideratio
414 1832 569 1870 suggerit,
583 1831 803 1870 multipliciter
819 1837 1049 1870 pregravantur
1066 1839 1102 1860 eo

99 1885 192 1925 quod,
210 1894 264 1924 pro
279 1885 384 1915 causis
399 1885 605 1915 ecclesiarum
622 1894 753 1915 suarum
770 1891 799 1915 et
816 1886 882 1915 suis
898 1886 931 1914 iu
947 1886 1035 1915 curia
1046 1893 1102 1923 pro

55 1929 63 1936 ’
96 1942 239 1978 ,tempore
251 1939 344 1968 motis
353 1939 476 1975 eadem,
491 1939 668 1969 necessario
681 1938 916 1978 compelluntur
926 1947 1012 1970 3000
1021 1947 1101 1977 quo·

52 2002 61 2007 ·
99 1991 186 2034 libet,
199 1993 302 2023 causis
315 1993 392 2031 ipsis
405 1992 597 2022 durantibus
610 2002 666 2031 per
678 1991 765 2030 longi
775 1992 934 2030 <temporis
950 1992 1100 2029 spatium,

100 2055 221 2082 moram
244 2046 283 2082 in,
305 2046 361 2076 illa
389 2046 576 2076 contrahere
596 2045 814 2085 personalem,
840 2051 870 2075 et
894 2045 934 2075 ab
961 2045 1103 2075 ecclesiis

73 2118 77 2127 .
100 2099 208 2141 abesse
225 2109 290 2138 pec,
304 2108 502 2138 consequens
526 2100 726 2135 memoratis,
745 2107 809 2128 non
831 2099 951 2137 absque
973 2098 1102 2127 illarum

95 2152 289 2191 detrimento
298 2153 496 2194 permaximo
508 2157 538 2182 et
547 2154 636 2190 gravi
649 2153 742 2182 etiam
754 2153 893 2191 periculo
905 2143 1101 2189 animarum,

98 2215 258 2245 quarum
251 2211 298 2236 est
313 2206 359 2235 015
383 2215 459 2236 cura
475 2210 505 2235 et
521 2206 701 2236 sollicitudo
723 2206 904 2241 commissa
925 2211 958 2235 ut
981 2205 1119 2235 labores.

101 2259 272 2298 plurimos,
298 2259 380 2289 tedia
407 2260 542 2298 grandia
572 2264 602 2289 et
628 2268 781 2298 expensas
807 2260 1016 2295 innumeras,
1042 2268 1103 2298 que

101 2313 264 2344 occasione
282 2313 467 2352 hujusmodi
494 2314 600 2344 subire
618 2318 786 2351 coguntur,
804 2323 853 2343 ser
856 2322 872 2342 1
891 2313 1007 2342 silentii
1027 2321 1103 2342 con-

102 2357 277 2398 cludamus.
296 2367 376 2397 Cum
395 2368 504 2406 itaque
527 2372 680 2397 statutum
700 2376 755 2396 seu
779 2372 968 2397 consuetum
987 2367 1102 2405 hujus-

101 2419 198 2458 modi,
224 2425 328 2459 utpote
342 2421 409 2459 juri
428 2421 636 2456 contrarium,
657 2421 823 2450 dissonum
841 2421 985 2459 equitati,
1006 2425 1045 2455 et,
1072 2425 1105 2450 ut

103 2471 234 2511 dicitur,
252 2473 291 2503 ab
309 2473 520 2504 observantiis
541 2478 571 2503 et
591 2474 879 2503 consuetudinibus
904 2474 1105 2504 subditorum

102 2529 228 2556 tuorum
253 2527 510 2566 jurisdictionem
536 2527 752 2556 exercentium
777 2527 936 2563 alienum,
957 2536 974 2556 a
994 2532 1022 2556 te
1043 2535 1104 2556 0οο

104 2575 214 2610 debeat
237 2581 438 2619 aliquatenus
458 2580 600 2616 tolerari,
621 2580 786 2618 presertim
809 2589 881 2609 cum
903 2581 969 2610 Deo
994 2580 1106 2617 displi-

105 2637 171 2662 ceat
185 2631 214 2662 et
226 2633 319 2662 claris
336 2632 436 2662 titulis
449 2633 578 2670 deroget
593 2633 680 2671 regie
693 2633 869 2671 dignitatis,
885 2633 1106 2663 excellentiam

107 2689 191 2716 tuam
213 2695 363 2724 rogamus
385 2691 415 2716 et
437 2686 603 2716 hortamur
626 2691 754 2722 attente,
772 2695 807 2716 30
823 2695 878 2725 pro
903 2687 948 2716 tui
976 2687 1106 2717 honoris

106 2745 274 2778 augmento
292 2739 488 2778 requirimus
513 2749 550 2769 ex
573 2740 685 2769 affectu
704 2745 880 2778 quatenus,
899 2741 938 2770 ob
964 2740 1107 2769 divinam

107 2796 138 2823 et
149 2793 315 2832 apostolice
331 2792 414 2823 sedis
431 2793 660 2829 reverentiam,
675 2793 819 2832 prelatis,
837 2793 979 2823 ecclesiis
994 2798 1024 2823 et
1039 2794 1108 2822 ani-

106 2839 218 2877 mabus
242 2847 362 2877 eisdem
387 2847 475 2884 regia
497 2847 611 2884 pietate
635 2847 846 2885 compatiens,
875 2852 1028 2877 statutum
1052 2856 1107 2876 seu

107 2905 292 2930 consuetum
312 2899 436 2938 ipsum,
453 2907 527 2928 cum
545 2908 582 2928 ex
601 2907 653 2936 eo,
672 2904 764 2937 prout
781 2900 943 2935 asseritur,
963 2900 1108 2938 profecti-

109 2951 166 2982 bus
179 2952 281 2990 regiis
298 2952 343 2982 nil
359 2956 530 2988 accrescat,
550 2956 580 2980 et
596 2951 724 2990 prelatis
740 2951 946 2991 ecclesiisque
962 2953 1108 2991 predictis

110 2995 327 3044 multipliciter
348 3005 389 3034 sit
405 3005 634 3042 dampnosum,
651 3004 774 3034 sublato
792 3004 988 3035 difficultatis
1005 3006 1109 3035 obsta-

112 3057 198 3096 culo,
215 3067 362 3088 revocare
386 3058 436 3088 vel
461 3058 573 3088 saltem
598 3062 771 3096 temperare
792 3066 956 3097 procures,
977 3058 1110 3089 ulterius

2120 384 2173 414 183

1175 446 1309 475 minime
1325 447 1576 483 resumendum,
1596 447 1634 477 de
1650 448 1846 485 benignitate
1864 448 1951 485 regia
1968 448 2176 486 permittendo

1178 503 1211 527 ut
1231 498 1331 527 iidem
1357 499 1487 537 prelati,
1508 509 1586 538 quos
1612 510 1675 530 una
1696 510 1770 530 cum
1793 501 1935 538 ipsorum
1958 500 2100 530 ecclesiis
2120 501 2175 530 tibi

1177 552 1363 588 propensius
1380 554 1653 588 commendamus,
1670 563 1725 591 per
1740 562 1850 583 eorum
1867 558 2081 592 procuratores
2097 553 2175 591 ydo-

1177 612 1253 633 neos
1275 604 1309 632 111
1331 604 1396 633 5015
1417 610 1446 634 01
1465 605 1671 634 ecclesiarum
1694 615 1823 635 suarum
1845 605 1949 635 causis
1973 615 2028 635 seu
2047 605 2175 642 litibus,

1176 665 1270 694 prout
1285 658 1323 686 de
1334 658 1406 696 jure
1420 658 1760 697 suerit,admittantur.
1774 659 1825 689 Sic
1838 660 2005 688 efficaciter
2020 660 2053 687 10
2068 659 2177 697 hujus-

1178 709 1265 738 modi
1281 711 1406 746 negotio
1424 719 1638 748 processurus,
1657 711 1702 740 sic
1720 712 1831 741 devote
1853 711 2034 750 apostolicis
2055 711 2177 741 obtem-

1178 768 1343 799 peraturus
1359 764 1503 800 precibus
1519 764 1552 792 10
1571 763 1630 793 hac
1646 769 1747 802 parte,
1764 769 1812 800 ut,
1834 765 1983 802 pretactis
2002 764 2178 802 dispendiis

1179 826 1233 854 per
1250 820 1301 845 tue
1311 816 1516 854 benignitatis
1528 816 1731 846 clementiam
1744 818 1807 847 fine
1821 817 1904 853 dato,
1920 818 2002 855 apud
2017 817 2109 847 illum
2124 827 2179 856 per

1177 878 1272 907 quem
1288 869 1449 906 regalibus
1469 869 1567 898 titulis
1583 870 1747 899 decoratus
1768 871 1950 907 agnosceris
1977 879 2097 900 crescas
2123 879 2179 900 cu-

1179 921 1266 951 mulo
1284 923 1489 958 meritoru1n3
1511 931 1632 960 nosque
1654 923 1740 959 regie
1763 922 1938 952 devotionis
1959 923 2179 961 promptitudi-

1179 984 1269 1011 nem,
1287 984 1383 1013 quam
1402 975 1436 1004 iu
1460 975 1520 1004 hoc
1542 976 1690 1004 invenire
1715 976 1861 1013 cupimus
1881 976 2055 1011 efficacem,
2074 977 2180 1014 dignis

1178 1029 1213 1057 in
1230 1028 1368 1058 Domino
1384 1028 1531 1058 laudibus
1548 1027 1741 1058 attollamus.
1760 1029 1829 1057 Dat,
1849 1029 1966 1064 Rome,
1983 1029 2065 1066 apud
2082 1029 2181 1059 Sanc-

1181 1086 1243 1111 tam
1268 1081 1404 1110 Mariam
1429 1081 1600 1119 Major-em,
1617 1081 1724 1110 idibus
1747 1081 1872 1119 aprilis,
1889 1090 1975 1111 3000
1998 1081 2145 1111 secundo.
2165 1091 2180 1111 1»

1250 1240 1337 1268 82ss

1216 1301 1386 1328 Fredericus
1428 1301 1566 1328 ecclesiae
1609 1301 1783 1328 Feri-ariensi
1826 1303 1982 1336 episcopus
2020 1302 2184 1336 praeficitur

1181 1351 1332 1384 (115044,
1350 1359 1376 1377 0.
1397 1351 1444 1378 128
1458 1372 1464 1384 ‚
1481 1351 1500 1377 f.
1522 1351 1569 1378 138
1585 1353 1633 1383 ro.)

1517 1238 1875 1274 8111010·)Ῑ31·10-Μ3]”001·0,
1896 1239 1925 1265 13
1940 1247 2017 1266 mars
2036 1239 2110 1267 1289.

1226 1454 1392 1482 Venerabili
1411 1454 1505 1489 fratri
1524 1452 1694 1489 Frederico,
1712 1454 1843 1490 episcopo
1866 1453 2063 1482 Ferrariensi.
2089 1453 2182 1490 Eum,

1185 1511 1259 1536 tunc
1276 1506 1487 1544 Yporiensem
1505 1506 1654 1543 electum,
1675 1506 1873 1535 Feri-ariensi
1890 1506 2051 1542 ecclesiae,
2071 1506 2111 1535 ad
2134 1515 2184 1536 ro-

1185 1568 1313 1589 manam
1341 1559 1507 1589 ecelesiam
1537 1560 1625 1589 nullo
1654 1559 1759 1589 medio
1783 1560 1974 1598 pertinenti,
1993 1569 2048 1598 per
2063 1560 2184 1589 obitum

1183 1613 1221 1644 G.
1241 1613 1376 1649 vacanti,
1396 1613 1579 1651 episcopum
1595 1605 1749 1651 praeficit.

1225 1676 1239 1695 ((
1257 1667 1346 1696 Inter
1372 1665 1603 1695 sollicitudines
1627 1671 1784 1696 0010135...
1808 1683 1846 1687 -
1869 1666 1940 1695 Dat.
1960 1666 2079 1702 Rome,
2103 1665 2186 1704 apud

1184 1721 1333 1750 Sanctam
1361 1720 1497 1748 Mariam
1522 1720 1694 1758 Maj0rem,
1724 1728 1758 1748 111
1780 1718 1852 1748 idus
1875 1719 2003 1757 martii,
2027 1728 2112 1748 anno
2141 1727 2185 1748 se>

1184 1774 1298 1805 cundo.
1318 1787 1331 1801 n
2035 1776 2040 1780 ”

1256 1934 1341 1962 827

1220 1996 1353 2023 Facultas
1368 1996 1553 2030 dispensandi
1569 2004 1635 2021 011111
1659 1995 1806 2021 monachis
1822 2002 1910 2029 super
1925 1994 2039 2028 regulae
2054 1994 2189 2020 observa-

1184 2047 1260 2073 tione
1277 2045 1358 2077 (Reo.
1378 2046 1420 2079 44,
1437 2054 1462 2072 0.
1487 2045 1551 2076 129.
1568 2045 1642 2071 filas
1659 2050 1701 2076 v⁰;
1719 2044 1784 2070 LAP.
1802 2053 1836 2071 nc
1852 2044 1950 2074 Teste,
1967 2043 2009 2074 H,
2027 2044 2082 2075 71.)

1542 1931 1904 1967 Salute-Marie-MaJeure,
1921 1931 1935 1957 ‘2
1952 1931 2022 1957 avril
2040 1931 2115 1958 1289.

1226 2170 1248 2177 ..
1263 2149 1364 2185 priori
1383 2148 1561 2176 monasterii
1577 2136 1662 2175 Beate
1682 2146 1776 2175 illarie
1796 2147 1830 2175 de
1851 2146 2000 2175 Balneolis
2012 2168 2020 2182 ,
2035 2146 2186 2183 perprae—

1186 2210 1247 2230 rem
1264 2202 1346 2230 soliti
1361 2201 1548 2238 gubernari,
1566 2200 1685 2228 ordinis
1702 2199 1732 2229 S.
1752 2199 1919 2235 Benedicti,
1937 2198 2189 2228 Autisiodorensz's

1186 2256 1320 2284 diocesis.
1351 2266 1364 2280 (ι
1396 2253 1440 2282 Ex
1467 2258 1553 2291 parte
1581 2257 1632 2281 tna
1660 2252 1721 2281 tuit
1748 2253 1943 2291 propositum
1970 2261 2075 2281 coram
2098 2251 2188 2280 nobis
2213 2255 2218 2259 “

1187 2307 1290 2346 quod,
1310 2307 1383 2336 licet
1406 2306 1607 2336 observantia
1627 2305 1671 2334 tui
1696 2304 1830 2343 ordinis,
1850 2306 1888 2334 ab
1906 2306 1973 2342 ipsa
1992 2305 2040 2333 sui
2062 2303 2187 2333 institu-

1189 2361 1284 2397 tione,
1314 2360 1454 2389 multum
1477 2358 1517 2388 sit
1535 2358 1638 2396 rigida
1657 2363 1686 2387 et
1708 2357 1850 2387 difficilis
1873 2359 1911 2387 ad
1939 2358 2122 2393 ferendum,
2146 2358 2189 2386 ita

1187 2415 1271 2453 quod
1298 2414 1346 2443 vix
1378 2412 1542 2442 invenitur
1569 2412 1625 2450 qui
1649 2420 1718 2441 eam
1747 2411 1857 2447 valeat,
1883 2412 1945 2440 11151
1968 2416 2125 2440 assuescat
2150 2410 2189 2439 ab

1187 2468 1282 2498 anuis
1305 2467 1441 2502 teneris,
1466 2465 1619 2499 tolerare,
1641 2464 1842 2503 postmodum
1865 2470 1979 2498 tamen,
1997 2473 2053 2502 per
2071 2463 2188 2501 priores

1188 2527 1251 2551 tam
1269 2519 1454 2550 monasterii
1474 2518 1519 2548 tui
1537 2527 1633 2556 quam
1653 2518 1850 2556 prioratuum
1873 2518 1974 2546 eidem
1998 2518 2188 2545 monasterio

1189 2575 1414 2611 subjectorum,
1429 2573 1483 2610 qui
1498 2571 1629 2600 fuerunt
1645 2580 1699 2609 pro
1715 2575 1863 2608 tempore,
1880 2571 1912 2599 in
1929 2569 2061 2598 diversis
2078 2577 2188 2597 eorum

1188 2626 1318 2665 capituli
1334 2625 1536 2663 generalibus
1554 2624 1707 2653 hactenus
1719 2623 1895 2659 celebratis,
1910 2621 2111 2660 superaddita
2121 2622 2187 2650 [00-

1189 2684 1263 2710 runt
1291 2678 1426 2717 quedam
1455 2681 1568 2707 statuta
1590 2676 1724 2705 inferius
1746 2681 1911 2712 annotata,
1938 2675 2083 2704 videlicet
2105 2674 2188 2712 quod

1189 2732 1338 2762 monachi
1355 2730 1620 2760 monasteriorum
1635 2734 1664 2759 et
1682 2729 1879 2766 prioratuum
1896 2727 2109 2766 predictorum
2125 2736 2188 2757 car-

1190 2786 1284 2815 nibus
1303 2784 1353 2814 vel
1376 2782 1534 2821 sagimine
1560 2790 1622 2812 non
1649 2785 1794 2818 utantur,
1822 2789 1916 2819 super
1936 2780 2085 2810 culcitras
2106 2790 2190 2809 nun-

1188 2836 1287 2877 qnam
1302 2837 1478 2877 quiescant,
1496 2835 1636 2874 qualibet
1651 2839 1737 2863 sexta
1755 2833 1834 2863 feria
1850 2834 1882 2862 in
1902 2843 1982 2872 pane
1998 2840 2027 2863 et
2043 2843 2124 2872 aqua
2139 2835 2188 2871 je-

1185 2896 1311 2934 junent,
1330 2892 1393 2921 0151
1412 2891 1505 2920 suerit
1520 2890 1634 2919 festum
1651 2889 1686 2918 111
1703 2897 1765 2927 quo
1782 2889 1927 2927 legantur
1942 2889 2110 2919 duodecim
2124 2889 2187 2919 lec-

1193 2949 1304 2977 tiones.
1332 2945 1414 2975 Cum
1441 2944 1539 2981 igitur
1565 2947 1680 2972 statuta
1707 2941 1893 2981 hujusmodi
1919 2943 1983 2972 sint
2005 2952 2060 2981 per
2084 2944 2189 2972 sedem

1191 3000 1393 3040 apostolicam
1423 2997 1624 3032 Confirmata,
1647 2995 1739 3025 nobis
1756 2994 1923 3025 humiliter
1939 2996 2132 3035 supplicasti,
2152 3006 2190 3024 ne

1191 3055 1250 3084 sub
1273 3052 1368 3082 tantis
1391 3050 1540 3081 oneribus
1559 3048 1724 3086 contingat
1743 3048 1878 3078 delicere
1896 3054 2057 3085 oneratos,
2083 3050 2189 3087 provi-
