2477 3637
330 391 384 421 170
1075 384 1311 416 REGISTRES
1333 385 1388 415 DE
1410 382 1593 414 NICOLAS
1616 383 1672 413 IV.

327 466 362 488 ac
380 457 418 487 de
435 456 531 486 verbo
546 455 584 485 ad
602 454 732 484 verbnm
751 453 878 492 plenam
895 476 902 489 ,
925 456 1042 482 certam
1058 475 1064 487 ‚
1086 451 1330 481 determinatam

327 516 358 541 et
366 518 544 550 expressam
556 512 695 548 oporteat
707 508 740 536 in
753 506 870 537 nostris
880 505 994 535 litteris
1004 505 1070 535 fieri
1082 506 1292 542 mentionem,
1302 509 1332 534 et

327 574 383 605 per
399 573 460 603 que
476 563 606 593 effectus
619 561 814 600 presentium
828 558 977 598 impediri
990 559 1086 597 possit
1096 557 1332 598 quomodolibet

326 619 376 649 vel
393 617 506 648 differi.
527 614 722 654 Rescripturi
748 613 841 643 nobis
863 612 1004 652 plenarie
1022 611 1105 651 quod
1121 612 1153 641 in
1171 611 1230 641 hac
1245 615 1331 650 parte

326 671 480 702 duxeritis
501 668 693 699 faciendum.
720 666 879 697 Nolumus
908 670 1015 695 autem
1041 665 1123 704 quod
1148 674 1201 703 per
1222 665 1332 702 hujus-

327 724 411 755 modi
429 723 549 752 litteras
565 725 673 751 contra
693 720 848 759 prefatum
865 727 973 757 regem
996 718 1045 747 vel
1063 719 1130 756 ejus
1153 722 1331 748 consortem

327 782 381 807 aut
393 775 546 815 capellam
563 774 682 812 regiam
699 773 730 802 in
745 772 852 811 aliquo
869 771 1054 810 procedatis
1070 771 1140 801 Dat.
1156 774 1303 808 utsupra.
1317 782 1328 795 »

400 991 486 1019 ¹254
664 986 1023 1020 Sainte-Marie-Majeure.
1040 985 1073 1012 ‘25
1089 993 1166 1011 mars
1183 983 1258 1011 1289.

364 1052 406 1080 De
422 1052 599 1079 correctione
613 1050 779 1077 monasterii
796 1049 892 1076 Sancti
904 1048 1012 1075 Nicolai
1025 1048 1052 1074 in
1069 1047 1176 1074 Littore
1190 1046 1224 1073 de
1239 1045 1332 1073 Vene-

329 1103 387 1129 tiis.
406 1101 488 1135 (Res.
507 1101 550 1132 44,
567 1108 592 1126 c.
610 1100 653 1130 73,
670 1100 688 1126 s.
708 1099 816 1129 1281-02
834 1098 950 1129 Pori-fl„
967 1097 1076 1130 ς22916.)

371 1227 390 1234 ..
407 1205 506 1242 priori
524 1203 747 1240 predicatorum
763 1206 789 1230 et
805 1222 824 1230 ..
840 1201 1013 1237 quardiano
1026 1200 1183 1228 minorum
1197 1200 1331 1235 fratrum

329 1258 486 1291 ordinum,
513 1265 547 1286 ac
569 1256 721 1294 Symeoni‚
739 1255 918 1292 primicerio
934 1254 1049 1283 ecclesie
1068 1252 1177 1282 Sancti
1192 1251 1285 1280 Μαι-σι’
1299 1251 1334 1280 de

335 1311 472 1345 Venalis,
492 1309 657 1339 Castellane
671 1309 806 1343 diocesis,
822 1306 953 1336 mandat
971 1310 1129 1344 quatenus
1146 1305 1184 1334 ad
1204 1312 1332 1334 monas-

329 1365 444 1394 terium
464 1362 571 1393 Sancti
597 1361 721 1391 Nicolai
738 1360 772 1390 in
790 1360 909 1390 Littore
926 1359 963 1389 de
982 1359 1126 1388 Venetiis
1138 1381 1146 1394 ,
1162 1357 1284 1388 ordinis
1300 1357 1333 1389 S.

330 1415 496 1447 Benedicti
511 1440 517 1452 ,
550 1414 756 1453 personaliter
787 1413 972 1443 accedentes
987 1434 995 1448 ,
1030 1420 1125 1451 super
1154 1410 1335 1441 excessibus

330 1468 508 1505 Francisci,
531 1467 675 1506 ejusdem
697 1465 884 1496 monasterii
907 1465 1041 1502 abbatis,
1068 1473 1148 1503 quos
1173 1463 1335 1502 quondam

328 1521 481 1553 Nicolaus
506 1526 537 1551 et
559 1521 720 1557 Zavinus,
747 1518 909 1554 monachi,
937 1518 975 1548 ad
1000 1518 1107 1548 sedem
1131 1516 1336 1557 apostolicam

329 1575 611 1609 denuntiaverunt,
629 1573 808 1612 inquirant,
826 1571 976 1611 idemque
991 1571 1222 1601 monasterium
1238 1571 1335 1600 corri-

328 1633 406 1667 gant
420 1632 451 1658 et
466 1628 650 1658 reforment.

371 1694 386 1709 «
403 1681 452 1711 Ne
471 1682 559 1718 virge
576 1679 778 1718 vigilantis...
799 1695 839 1702 —-
859 1679 928 1708 Dat.
958 1679 1070 1716 Rome,
1087 1677 1170 1717 apud
1187 1678 1336 1708 Sanctam

331 1736 467 1765 Mariam
485 1735 651 1773 Majorem,
671 1743 727 1763 vm
750 1732 904 1763 kalendas
920 1732 1042 1771 aprilis,
1057 1741 1143 1762 anno
1157 1731 1306 1763 secundo.
1321 1744 1334 1760 »

404 1937 490 1965 ’ἵῦῧ

368 1999 411 2026 De
427 1998 528 2025 eodem
545 1997 670 2032 negotio.
684 1996 767 2031 (Rae.
781 1996 824 2031 44,
839 2004 864 2023 c.
878 1996 933 2028 732,
946 1996 966 2022 f.
980 1995 1029 2023 128
1046 2001 1075 2021 v⁰
1085 2005 1092 2029 ς
1104 1996 1210 2022 Po'rm.
1227 1995 1338 2028 22917.)

669 1933 1026 1968 Sainte-Marie-Majeure,
1043 1933 1076 1960 25
1093 1941 1170 1960 mars
1187 1932 1265 1960 1289.

373 2116 492 2145 Eisdem
521 2113 653 2144 mandat
694 2116 853 2152 quatenus
885 2113 921 2141 acl
957 2112 1189 2152 depositionem
1217 2111 1340 2142 abbatis

333 2167 521 2199 monasterii
548 2166 656 2197 Sancti
684 2166 809 2197 Nicolai
834 2166 869 2196 in
895 2166 1016 2197 Littore
1040 2166 1079 2196 de
1104 2166 1246 2196 Venetiis
1275 2174 1339 2196 non

333 2221 515 2261 procedant,
547 2220 601 2251 sed
629 2229 759 2250 causam
785 2220 927 2259 pontifici
954 2220 1109 2257 deferant,
1137 2219 1340 2258 eundemque

335 2274 480 2304 abbatem
496 2273 536 2303 ad
552 2272 803 2311 comparendum
826 2281 932 2302 coram
955 2272 1029 2302 sede
1045 2272 1214 2311 apostolica
1230 2272 1338 2302 citent.

377 2339 391 2353 «
412 2326 500 2356 Licet
515 2326 553 2356 de
571 2325 801 2356 discretione...
820 2342 858 2347 -
874 2326 946 2355 Dat.
965 2329 998 2356 ut
1014 2334 1120 2364 supra.
1139 2338 1153 2352 »

391 2513 476 2542 ⁸25ss

373 2575 416 2602 De
427 2577 494 2610 jure
510 2577 678 2609 patronatus
695 2573 728 2600 ad
746 2573 894 2608 Hospitale
909 2573 1153 2601 Tbeutonicorum
1171 2574 1342 2609 pertinente.

340 2624 421 2656 (Rae.
440 2625 482 2653 44.
499 2632 524 2650 c.
541 2623 583 2653 74,
603 2624 620 2649 i.
644 2622 692 2650 128
708 2628 752 2653 v⁰;
772 2622 888 2654 Porum,
907 2623 1016 2656 22927.)

697 2510 1057 2546 sainte-Marie-Majeure,
1075 2511 1090 2538 2
1104 2511 1175 2538 avril
1192 2511 1271 2539 1289.

386 2739 607 2768 Venerabilibzts
628 2737 778 2774 fratribus
799 2739 1031 2777 archiepiscopis
1051 2744 1077 2768 et
1099 2740 1244 2778 episcopis
1259 2745 1285 2769 et
1301 2741 1346 2770 di-

340 2792 420 2822 lectis
442 2793 461 2829 ft
468 2793 517 2822 liis
540 2793 710 2828 abbatibus,
729 2793 903 2830 prioribus,
922 2793 1168 2829 archidiaconis,
1185 2794 1305 2824 decanis
1319 2800 1345 2825 et

340 2846 409 2874 aliis
425 2847 619 2875 ecelesiarum
633 2846 761 2883 prelatis
790 2846 830 2875 ad
852 2854 924 2883 quos
945 2846 1043 2875 littere
1057 2847 1114 2876 iste
1129 2848 1321 2884 pervenerint
1338 2871 1343 2884 ,

340 2898 471 2928 mandat
487 2903 643 2936 quatenns
660 2898 802 2935 clericos,
819 2907 898 2938 quos
914 2899 1024 2929 fratres
1041 2899 1154 2930 domus
1171 2900 1345 2939 Hospitalis

342 2951 475 2981 Sanctae
492 2951 610 2980 Mariae
623 2952 895 2982 Thentonicorum
914 2951 1167 2982 Jerosolimitani
1186 2953 1225 2983 ad
1245 2953 1344 2984 eccle-

343 3005 406 3034 sias
428 3005 461 3033 in
489 3005 604 3043 quibus
628 3006 681 3043 jus
712 3010 860 3044 patronus
878 3006 952 3036 dicti
968 3006 1080 3036 fratres
1102 3006 1220 3036 hahent
1239 3006 1288 3036 vel
1310 3007 1344 3036 in

343 3062 502 3096 posterum
518 3057 681 3087 habebunt
698 3059 953 3096 praesentabunt,
971 3059 1143 3097 benignius
1160 3059 1342 3090 admittant.

1455 449 1613 492 «Quanto
1629 447 1736 478 dilecti
1754 447 1852 479 filii...
1867 462 1908 470 —
1930 446 2001 476 Dat.
2018 447 2120 477 Rome
2134 471 2141 485 ‚
2165 446 2409 491 apud-Sanctam
2457 457 2461 492 j

1416 503 1549 532 Mariam
1576 502 1740 540 Majorem,
1758 510 1804 530 1111
1822 508 1923 530 nonas
1939 499 2063 539 aprilis,
2083 508 2168 530 anno
2186 500 2336 532 secundo.
2357 514 2371 531 ι

1486 662 1570 690 ἵόἵ
1769 658 2127 693 Salute-Marie-Majeurc,
2145 659 2159 686 7
2176 667 2252 686 mars
2267 659 2344 688 ¹289.
2393 694 2410 726 k.

1450 723 1582 750 Facultas
1595 721 1762 749 absolvendi
1777 721 1812 748 ab
1834 721 2142 748 excommunicationis
2167 721 2317 749 sententia.
2332 721 2359 758 (ι

1414 773 1457 804 44,
1472 781 1497 799 c.
1516 772 1559 806 75,
1576 772 1594 799 f.
1614 771 1664 799 129
1681 771 1728 804 ro.)

1460 874 1625 905 Venerabili
1641 873 1735 910 fratri
1756 874 1800 910 T.‚
1817 873 2039 911 archiepiscopo
2057 872 2269 909 Bracharensi,
2285 871 2332 902 fac
2366 859 2386 866 „.

1415 932 1478 957 tem
1495 927 1640 958 concedit
1658 925 1842 956 absolvendi
1854 925 2008 964 quosdam
2019 924 2336 964 clericosipsiusdim
2360 911 2392 954 :³²

1414 981 1469 1020 qui
1494 980 1591 1010 latam
1611 989 1667 1019 per
1689 979 1790 1010 bonae
1815 979 1988 1009 memoriae
2017 978 2063 1015 J.,
2096 978 2307 1009 Sabinensem
2333 967 2380 1010 ου’,

1414 1042 1541 1073 copum,
1572 1038 1647 1063 tunc
1678 1033 1713 1062 in
1737 1032 1877 1070 partibus
1904 1031 1969 1061 illis
1998 1031 2187 1070 apostolicae
2220 1030 2304 1062 sedis
2331 1030 2396 1073 12:2⁸·

1417 1091 1495 1123 tum,
1513 1094 1569 1125 pro
1586 1086 1755 1116 manifesta
1768 1085 2002 1115 cohabitatione
2017 1083 2285 1122 concubinarum,
2298 1091 2392 1116 exeo

1416 1139 1646 1169 municationis
1675 1139 1867 1169 sententiam
1895 1138 2126 1174 incurrerunt,
2158 1141 2188 1167 et
2213 1136 2400 1176 dispensa
2424 1142 2430 1171 ζ

1416 1202 1489 1223 cum
1505 1194 1551 1223 eis
1567 1193 1621 1232 qui
1643 1193 1687 1223 sic
1708 1193 1804 1231 legati
1826 1196 2034 1232 susceperuut
2050 1191 2178 1222 ordines
2193 1195 2224 1222 et
2239 1199 2327 1222 sacra
2378 1182 2388 1198 ²
2432 1207 2433 1210 =

1416 1246 1549 1276 hrarunt
1566 1246 1682 1277 officia.

1458 1311 1471 1326 α
1494 1300 1536 1329 Ex
1554 1303 1640 1338 parte
1656 1303 1746 1331 tua...
1763 1316 1799 1322 —
1813 1299 1885 1329 Dat.
1901 1299 2012 1336 Rome,
2026 1298 2109 1337 apud
2123 1297 2276 1329 Sanctam
2286 1297 2329 1328 M
2357 1297 2401 1332 ’.ν-ς’

1418 1353 1585 1392 Maj01·em‚
1606 1354 1700 1383 nonis
1716 1353 1835 1390 martii,
1852 1361 1939 1383 anno
1955 1351 2105 1383 secundo.
2125 1363 2139 1379 ι)

1472 1512 1559 1541 ’758

1453 1575 1664 1610 Indulgentiae.
1681 1574 1764 1608 (Rae.
1782 1573 1826 1605 44,
1844 1583 1870 1601 c.
1887 1575 1942 1606 752,
1961 1574 1981 1601 f.
1999 1573 2048 1601 1129
2065 1575 2112 1607 ro.)

1769 1510 2128 1546 Sainte-Marie-ttiajeure,
2145 1511 2159 1538 7
2176 1517 2254 1538 mars
2273 1509 2350 1549 ¹289.
2399 1528 2401 1530 -
2451 1526 2453 1529 -

1464 1678 1633 1708 Venerabili
1644 1677 1740 1714 fratri
1756 1698 1775 1706 ..
1790 1677 2013 1715 archiepiscopo
2029 1680 2055 1705 et
2071 1676 2187 1707 dilectis
2202 1675 2277 1714 filiis
2291 1660 2397 1716 capis?

1420 1731 1689 1761 Bracharensz'bus.
1707 1729 1949 1767 Indulgentiam
1966 1729 2062 1759 unius
2081 1729 2161 1759 anni
2172 1733 2204 1760 et
2213 1727 2364 1768 quadr‘
2376 1730 2390 1766 ξι

1419 1784 1544 1815 dierum
1558 1783 1702 1814 concedit
1714 1783 1866 1814 omnihus
1881 1791 1955 1813 vere
1971 1782 2210 1821 poenitentibus
2226 1785 2258 1812 et
2272 1781 2373 1812 conf·
2384 1788 2399 1806 :⁷

1418 1838 1474 1877 qui
1500 1837 1666 1867 ecclesiam
1696 1836 1968 1873 Bracbarensem,
1995 1836 2112 1866 Beatae
2130 1835 2252 1866 Mariae
2271 1834 2400 1870 vocabi>

1418 1890 1609 1928 insignitam
1620 1913 1627 1927 ,
1646 1889 1682 1919 in
1700 1889 1883 1919 Nativitatis
1895 1912 1902 1926 ,
1921 1888 2176 1926 Purificafionis,
2193 1886 2398 1924 Annuntian'vv

1419 1944 1471 1974 nis
1487 1948 1518 1974 et
1533 1943 1772 1982 Assumptionis
1788 1943 1888 1982 ipsius
1910 1942 2046 1981 virginis
2064 1941 2307 1980 festivitatibus,
2325 1944 2356 1973 et
2377 1955 2396 1976 ις
2436 1962 2439 1966 -

1419 2001 1488 2028 octo
1500 1997 1569 2027 dies
1582 1997 1768 2027 festivitates
1783 1996 1869 2035 ipsas
1883 1996 2070 2026 immediate
2084 1999 2273 2035 sequenteS,
2287 1994 2372 2034 sing,
2383 1983 2395 1989 ’

1421 2050 1518 2081 annis
1537 2050 1750 2080 visitaverint.
2400 2038 2401 2041 Ἴ

1463 2114 1476 2130 κ
1501 2102 1666 2133 Gloriosus
1682 2102 1768 2132 Deus
1785 2102 1858 2132 in...
1876 2118 1912 2123 —
1930 2101 2000 2131 Dat.
2019 2105 2175 2140 utsupra.
2193 2110 2208 2132 ι

1495 2260 1688 2290 εδει-863
1762 2260 2119 2296 Sainte-Marie-Majeure,
2137 2260 2169 2288 13
2186 2267 2263 2288 mars
2279 2259 2356 2288 1289.
2370 2271 2401 2298 ,s

1460 2311 1597 2338 Albertus
1633 2310 1772 2337 ecclesiae
1805 2309 1961 2345 Yporiensi
1995 2310 2024 2336 in
2054 2310 2226 2345 episcopum
2254 2307 2397 2345 praefici·

1425 2373 1508 2406 (Rae.
1526 2373 1568 2406 44.
1586 2380 1611 2399 c.
1629 2372 1673 2404 76,
1690 2371 1710 2398 s.
1728 2371 1777 2399 129
1793 2374 1841 2405 ro.)

1471 2475 1637 2504 Venerabili
1651 2475 1745 2511 fratri
1760 2475 1889 2511 Alberto,
1905 2475 2037 2512 episcopo
2058 2475 2226 2514 Yporiensi.
2237 2473 2330 2512 Eum,
2341 2481 2360 2504 o
2382 2473 2394 2496 ἕ

1426 2529 1476 2558 nis
1497 2528 1631 2557 fratrum
1651 2527 1816 2558 minorum
1834 2527 2060 2566 professorem,
2078 2527 2249 2566 Yporiensi
2264 2525 2397 2560 eccles*

1425 2590 1481 2621 per
1496 2577 1737 2610 translationem
1760 2580 1921 2610 Frederici
1941 2580 1981 2610 ad
2003 2579 2171 2611 ecclesiam
2193 2579 2397 2612 Ferrariam

1426 2634 1584 2671 vacantis,
1601 2634 1636 2663 in
1653 2634 1835 2673 episcopum
1852 2634 2008 2673 praeficit.

1468 2700 1481 2715 (ι
1506 2688 1593 2718 Licet
1609 2687 1795 2718 continuata
1811 2687 2149 2726 supervenientium...
2165 2704 2205 2710 -
2221 2687 2292 2718 Dat.
2311 2686 2397 2719 Rom.
2428 2708 2431 2709 ν

1425 2741 1508 2781 apud
1534 2741 1683 2771 Sanctam
1710 2741 1847 2771 Mariam
1866 2741 2039 2781 Majorem‚
2059 2750 2094 2771 111
2115 2741 2188 2771 idus
2210 2740 2328 2778 martii,
2349 2752 2352 2765 ε
2370 2742 2398 2765 ‚27

1427 2794 1580 2825 secundo.
1603 2806 1615 2821 »
2383 2831 2388 2834 .

1466 2848 1505 2877 Iu
1530 2857 1556 2877 e.
1582 2856 1626 2877 m.
1652 2847 1790 2886 capitulo
1811 2847 1982 2886 Yporiensi
1999 2847 2130 2877 mandat
2152 2850 2310 2887 quatenus
2324 2845 2402 2878 eid
2420 2860 2421 2863 ¹

1427 2901 1572 2940 episcopo
1590 2900 1730 2930 debitam
1749 2901 1965 2931 obedientiam
1982 2901 2140 2940 praebeat.

1467 2955 1505 2984 In
1523 2963 1550 2984 e.
1569 2963 1612 2984 m.
1633 2954 1717 2984 clero
1733 2954 1869 2984 civitatis
1886 2959 1916 2985 et
1930 2954 2083 2985 dioecesis
2099 2954 2297 2994 Yporiensis.

1468 3008 1504 3037 In
1521 3017 1546 3037 e.
1567 3016 1610 3037 m.
1631 3007 1746 3047 populo
1761 3008 1900 3038 civitatis
1915 3008 2114 3047 Yporiensis.

1467 3060 1505 3090 In
1525 3070 1552 3091 e.
1573 3070 1616 3092 m.
1635 3061 1794 3092 universis
1812 3061 1957 3091 vassallis
1973 3061 2124 3092 ecclesiae
2142 3061 2338 3101 Yporiensis.
2391 3091 2395 3100 ,
