2342 3652
923 377 1152 417 Dnuxn'iME
1172 378 1327 418 ANNEE.
2115 399 2172 431 213

82 453 140 485 Gui
156 453 215 482 hoc
230 452 416 491 precipuum
434 456 497 482 tam
512 451 638 489 justitia
654 459 750 489 quam
767 452 908 488 ejusdem
927 453 1014 482 Petri
1029 453 1085 482 de-

83 506 194 537 merita
215 504 415 541 obtulerunt,
436 510 469 534 ut
493 505 594 543 juste,
613 504 732 533 viribus
753 504 926 534 debilitatis
942 506 1042 544 ipsius
1059 510 1088 534 et

82 559 220 599 potentia
245 557 421 594 diminuta,
446 557 532 587 idem
559 557 604 586 sic
630 557 862 587 distraheretur
885 558 924 587 ad
951 558 1088 596 plurima

83 611 165 652 quod
185 620 259 641 eum
283 611 443 640 minorem
476 610 515 639 ad
547 609 674 647 singula
702 610 903 647 contingeret
932 611 1084 640 inveniri.

82 665 275 703 Quapropter
290 663 410 693 dictum
428 664 576 699 Petrum,
595 667 670 692 tunc
688 671 797 700 regem
814 665 1018 700 Aragonum,
1037 673 1086 693 re·-

83 727 145 757 gno
159 721 189 747 et
202 717 294 747 terris
310 717 378 746 suis
394 716 547 755 regioque
564 715 684 745 honore
703 716 947 752 sententialiter,
964 717 1088 755 justitia

83 771 240 809 exigente,
260 769 413 808 privavit,
438 771 469 799 et
493 769 623 807 privans
642 768 752 798 eaden
776 777 912 806 regnum
937 774 967 798 et
990 773 1088 798 terras

83 824 224 864 exposuit
243 823 426 861 occupanda
443 822 627 858 catholicis,
644 821 683 851 de
701 822 819 860 quibus
838 826 867 851 et
888 827 979 861 prout
998 822 1087 852 sedes

83 876 247 918 apostolica
259 876 387 906 duceret
398 875 633 914 providendum
647 875 681 903 in
699 874 818 904 eisdem
831 884 930 912 regno
943 879 973 904 et
983 876 1085 912 terris,

82 938 212 960 romane
232 929 363 958 ecclesie
381 929 454 967 jure
473 927 575 964 salvo;
594 927 634 957 de
651 927 720 957 utili
737 936 812 957 vero
831 932 861 956 et
880 928 999 958 efficaci
1015 937 1086 958 exe-

82 983 205 1014 cutione
223 982 426 1021 privationis,
447 981 653 1019 expositionis
676 986 707 1010 et
731 982 948 1020 occupationis
973 982 1087 1020 hujus-

83 1036 166 1068 modi
196 1044 268 1066 cum
298 1034 464 1065 fratribuss
475 1035 543 1064 suis
571 1034 803 1064 deliberatione
832 1035 1012 1073 prebabita,
1049 1035 1086 1065 de

81 1089 220 1130 ipsorum
238 1088 389 1125 consilio,
409 1087 448 1117 ad
471 1088 777 1117 christianissimum
795 1097 897 1126 genus
915 1088 999 1118 clare
1019 1097 1086 1118 me-

81 1143 179 1174 morie
194 1141 360 1180 Phylippi,
380 1141 465 1178 regis
480 1141 626 1177 Francie,
638 1141 740 1171 aciem
750 1150 807 1170 sue
821 1141 1086 1172 considerationis

81 1195 228 1232 intendit,
241 1204 278 1224 ac
295 1195 437 1234 ipsorum
454 1195 539 1232 regis
556 1199 586 1223 et
604 1195 731 1232 generis
745 1195 860 1233 suique
875 1195 979 1224 incliti
996 1197 1087 1233 regni

82 1249 236 1280 sinceram
250 1248 348 1277 fidem
361 1248 400 1277 ad
416 1248 532 1283 Deum,
549 1252 749 1278 constantem
766 1248 968 1278 devotionem
986 1249 1025 1278 ad
1042 1250 1087 1287 ip-

82 1310 151 1332 sum
161 1300 375 1337 eteoclesiam,
385 1301 606 1339 grandemque
616 1301 791 1339 potentiam
804 1301 975 1339 diligenter
984 1305 1086 1332 atten-

81 1354 320 1393 dens,aliquem
337 1354 377 1384 de
392 1355 493 1393 ipsius
509 1356 594 1392 regis
612 1355 745 1384 Francie
761 1354 849 1391 filiis,
860 1355 960 1385 alium
979 1360 1087 1385 tamen

80 1407 121 1441 ab
140 1416 176 1437 eo
193 1408 248 1446 qui
265 1407 326 1437 sibi
347 1413 414 1437 erat
434 1408 469 1437 in
491 1407 575 1438 dicto
596 1417 694 1446 regno
711 1408 846 1438 Francie
864 1417 1086 1445 successurus,

81 1462 120 1494 ad
129 1463 347 1501 occupandum
358 1463 517 1501 prefatum
530 1464 693 1500 Aragonie
705 1472 841 1501 regnum
857 1468 887 1493 et
900 1469 997 1494 terras
1008 1464 1086 1494 alias

83 1525 144 1556 que
161 1516 239 1546 olim
260 1516 336 1546 dicti
352 1517 387 1546 P.
415 1517 563 1552 fuerunt,
599 1526 653 1555 per
682 1526 755 1546 suas
781 1517 841 1547 sub
869 1522 953 1547 certa
987 1519 1087 1548 forma

83 1568 201 1600 litteras
218 1569 318 1599 voluit
335 1569 493 1608 deputari.
512 1570 659 1599 Pret'atus
677 1570 784 1608 itaque
805 1579 858 1599 rex
877 1571 1084 1606 Francorum,

83 1622 437 1662 hujusmodiacceptans
447 1633 483 1653 ac
493 1624 588 1653 etiam
601 1632 770 1654 assumens
780 1624 957 1662 negotium,
968 1625 1006 1654 ad
1017 1634 1088 1663 pre-

83 1675 164 1706 dicta
188 1676 388 1706 carissimum
415 1677 449 1706 in
471 1676 601 1706 Christo
630 1676 736 1706 filium
756 1682 900 1707 nostrum
917 1677 1084 1713 Carolum,

83 1730 240 1768 Aragonie
269 1734 299 1760 et
321 1730 471 1760 Valentie
497 1739 605 1769 regem
624 1731 800 1766 illustrem,
832 1731 972 1761 secundo
995 1732 1087 1769 geni-

84 1787 149 1813 tum
166 1792 276 1820 suum,
293 1783 403 1822 elegit,
420 1793 493 1814 cuni
517 1783 644 1822 prelatis
667 1790 697 1813 et
717 1784 902 1822 proceribus
925 1784 1017 1822 regni
1038 1785 1087 1814 sui

83 1836 309 1868 deliberatione
324 1838 495 1876 premissa3
509 1843 538 1868 et
553 1838 668 1867 deinde
684 1838 770 1868 idem
781 1837 829 1874 C.‚
843 1847 895 1868 rex
913 1839 1085 1877 Aragonie,

83 1889 122 1920 ad
136 1889 194 1920 hec
208 1891 267 1920 fuit
280 1893 467 1921 auctoritate
484 1891 569 1921 sedis
585 1890 755 1929 apostolice
770 1891 948 1929 deputatus,
963 1896 1056 1930 prout
1069 1901 1087 1921 a

83 1943 192 1974 notitia
211 1948 314 1974 vestra
337 1944 403 1974 sore
426 1953 491 1975 non
515 1945 676 1974 credimus
699 1944 855 1974 alienum.
875 1944 940 1974 Sub
958 1945 1087 1984 quantis

82 2000 186 2026 autem
197 1997 358 2028 laboribus
371 1999 564 2036 quantisque
579 1998 758 2036 sumptibus
770 1998 811 2027 sit
821 1998 908 2028 idem
923 1999 1087 2036 negotium

85 2058 137 2088 per
160 2051 365 2081 carissimum
389 2052 422 2081 in
444 2051 571 2082 Christo
596 2051 703 2082 filium
721 2058 866 2082 nostrum
886 2052 1086 2092 Philippum,

85 2102 215 2133 Francie
237 2113 344 2142 regem
370 2104 546 2140 illustrem,
566 2105 688 2134 dictum
707 2105 896 2144 Philippum
916 2110 1039 2144 patrem
1057 2110 1088 2135 et

82 2155 160 2186 alios
173 2165 246 2186 suos
261 2157 325 2187 huc
343 2167 442 2197 usque
459 2157 644 2194 deductum,
663 2160 792 2196 quantis
810 2159 964 2196 indigeat,
983 2167 1088 2198 quan-

84 2209 168 2248 tique
183 2210 217 2239 in
235 2211 334 2250 ipsius
349 2211 570 2250 prosecutione
584 2211 693 2249 procul
708 2211 804 2241 dubio
819 2221 855 2241 ex
871 2212 976 2242 causis
991 2212 1088 2241 variis

85 2269 145 2291 non
169 2263 364 2293 obmittenda
391 2272 450 2293 nec
474 2264 730 2302 contempnenda
757 2265 934 2303 supersint,
952 2274 1016 2295 non
1043 2270 1089 2294 est

83 2322 160 2354 opus
175 2317 362 2354 exprimere,
375 2326 447 2346 cum
462 2318 558 2355 possit
572 2317 707 2347 discreto
722 2317 856 2347 cuilibet
871 2318 1088 2348 consideranti

85 2369 256 2398 consultius
288 2379 450 2408 apparere.
482 2370 562 2399 Cuni
596 2371 694 2408 igitur
725 2371 810 2400 idem
846 2381 900 2401 rex
933 2371 1084 2409 Francie,

85 2421 192 2460 prelati
208 2423 348 2452 defuncti
365 2424 448 2461 regis
464 2424 565 2460 tilius,
583 2425 684 2462 ipsius
700 2424 750 2453 sui
766 2425 919 2462 genitoris
936 2425 1085 2464 imitans,

85 2473 165 2504 sicut
187 2475 321 2506 letanter
341 2477 541 2515 accepimus,
556 2477 716 2507 laudanda
731 2478 880 2516 vestigia,
897 2478 1088 2517 hujusmodi

87 2529 255 2566 negotium,
273 2530 510 2569 quantumlibet
527 2534 762 2569 sumptuosum,
779 2530 974 2562 laboriosum
991 2536 1021 2562 et
1036 2541 1088 2562 ar-

85 2580 198 2618 duum,
215 2583 294 2612 votis
309 2583 507 2613 serventibus
525 2589 750 2622 prosequatur,
767 2584 807 2614 ad
831 2585 1087 2623 prosecutionem

85 2633 186 2671 itlius,
202 2637 292 2675 juxta
312 2636 514 2667 celsitudinis
539 2637 656 2675 regalis
679 2638 875 2676 decentiam,
895 2638 1035 2668 studioso
1052 2648 1088 2668 ac

86 2687 220 2719 viriliter
235 2690 445 2727 intendendo,
463 2700 520 2721 nos
539 2700 634 2721 suum
650 2691 746 2729 digne
765 2687 963 2722 laudandum
979 2692 1012 2721 in
1029 2692 1088 2722 hac

87 2745 171 2781 parte
185 2743 376 2782 propositum
387 2743 608 2782 multipliciter
618 2744 652 2773 in
664 2744 802 2774 Domino
813 2745 1086 2782 commendantes,

87 2799 117 2825 et
137 2795 278 2826 volentes
302 2796 364 2827 sibi
387 2806 483 2835 super
507 2797 582 2834 hoc,
603 2802 638 2827 ut
659 2797 857 2828 commodius
879 2802 910 2827 et
935 2798 1088 2828 efficatius

86 2849 196 2887 exequi
211 2849 313 2879 valeat
326 2850 411 2889 quod
425 2850 786 2889 incepit‚subventionis
801 2856 957 2889 oportune
973 2851 1089 2881 suffra-

87 2901 174 2938 gium
197 2902 370 2942 impertiri,
400 2903 460 2933 sibi
478 2903 538 2933 hoc
558 2912 631 2933 curn
648 2903 803 2933 instantia
822 2905 999 2943 requirenti
1020 2913 1087 2934 om-

89 2953 176 2984 nium
197 2955 482 2986 ecclesiasticorum
505 2961 717 2995 proventuum
742 2961 772 2986 et
793 2957 976 2987 reddituum
1001 2957 1089 2987 <leci-

88 3013 182 3044 mam,
192 3001 246 3046 per
260 3013 321 3038 tres
331 3017 444 3045 annos,
456 3018 473 3038 a
485 3009 671 3038 Nativitatis
681 3009 767 3039 beati
776 3009 936 3039 Johannis
947 3010 1090 3048 Baptiste

89 3060 165 3091 festo
195 3063 338 3100 proximo
366 3064 599 3101 numerandos,
632 3064 666 3093 in
698 3073 796 3102 regno
826 3065 961 3094 Francie
992 3074 1028 3095 ac
1053 3065 1088 3094 in

1170 453 1394 491 Lugdunensi,
1412 456 1592 488 Viennensi
1611 465 1639 488 et
1657 460 1827 490 Bisuntina
1849 463 2024 500 provintiis,
2045 472 2169 494 necnon

1169 507 1202 535 in
1219 506 1453 545 Cameracensi,
1472 511 1649 548 Leodiensi,
1669 514 1815 549 Metensi,
1834 514 2031 545 Virdunensi
2046 521 2076 546 et
2092 517 2170 547 Tul-

1168 559 1251 589 lensi
1274 561 1455 591 civitatibus
1472 569 1501 593 et
1516 564 1709 602 diocesibus,
1727 568 1911 597 auctoritate
1928 569 2115 607 apostolica,
2132 570 2170 601 de

1168 612 1304 643 fratrum
1321 619 1500 646 nostrorum
1517 619 1659 655 consilio,
1678 620 1826 650 duximus
1842 622 2089 659 concedendam,
2107 624 2171 653 exi-

1169 665 1306 702 gendam
1326 667 1416 705 juxta
1439 669 1568 699 moduni
1592 680 1646 709 per
1665 672 1749 701 sedis
1768 674 1909 711 ejusdem
1940 676 2170 712 providentiam

1169 718 1362 750 ordinatum.
1381 721 1546 760 Siquidem
1556 725 1729 754 exactionis
1738 726 1858 757 decime
1871 729 2053 766 primianni
2065 730 2171 759 termi-

1171 780 1248 800 num
1262 773 1402 810 primuni
1418 775 1483 804 fore
1496 777 1667 807 statuimus
1680 778 1794 808 festum
1808 779 1987 810 Nativitatis
2010 782 2171 812 dominice

1169 823 1272 861 primo
1285 831 1471 863 venturum,
1488 818 1664 858 secundum
1677 839 1750 860 vero
1761 831 1875 861 festum
1887 833 2070 864 Nativitatis
2086 835 2171 864 beati

1169 876 1328 906 Johannis
1345 878 1462 908 deinde
1478 881 1620 917 proximo
1630 887 1826 920 secuturum,
1837 885 1871 912 in
1884 885 2005 915 duobus
2020 887 2114 916 annis
2122 897 2171 917 se-

1170 930 1342 967 quentibus
1359 932 1479 961 eisdem
1498 935 1642 963 terminis
1658 935 1874 967 observandis.
1898 938 2051 968 Volumus
2065 945 2170 970 autem

1169 983 1253 1021 quod
1264 984 1377 1013 fratres
1395 987 1494 1015 nostri
1511 995 1642 1017 romane
1657 988 1789 1018 ecclesie
1797 990 2047 1030 cardinales,qui
2060 993 2173 1023 mundi

1170 1035 1336 1065 uobiscum
1347 1038 1471 1075 negotia
1485 1039 1686 1076 perferuntet
1697 1049 1794 1070 onera
1805 1043 1962 1072 cotidiana
1975 1050 2171 1082 supportant,

1169 1088 1208 1118 ab
1229 1089 1415 1128 hujusmodi
1433 1092 1627 1129 prestatione
1646 1093 1768 1123 decime
1788 1095 1853 1133 sint
1873 1097 2011 1134 exempti
2029 1106 2064 1127 ac
2082 1098 2174 1128 liberi

1170 1143 1295 1181 penitus
1319 1147 1347 1173 et
1372 1144 1544 1174 immunes.
1563 1145 1700 1176 Clericos
1718 1152 1859 1185 preterea
1879 1158 2014 1187 quorum
2033 1151 2174 1180 redditus

1169 1202 1199 1226 et
1214 1203 1385 1235 proventus
1398 1199 1428 1228 in
1446 1208 1555 1236 regno,
1566 1201 1746 1238 provintiis,
1761 1202 1941 1232 civitatibus
1955 1208 1984 1233 et
1996 1204 2173 1235 diocesibus

1169 1251 1358 1289 supradictis
1382 1252 1566 1290 quindecim
1585 1253 1741 1283 librarum
1762 1257 1984 1286 turonensium
2002 1266 2173 1295 parvorum

1169 1304 1309 1335 valorem
1321 1306 1489 1335 annuatim
1503 1315 1566 1336 non
1579 1307 1738 1337 excedunt
1752 1310 1851 1338 teneri
1867 1310 2018 1340 nolumus
2034 1310 2073 1339 ad
2088 1311 2172 1341 deci-

1168 1368 1254 1388 mam
1272 1363 1498 1395 memoratani;
1518 1369 1576 1390 nec
1592 1360 1790 1399 Templarios
1806 1371 1840 1391 ac
1858 1363 2098 1401 Hospitalarios,
2117 1365 2173 1403 qui

1169 1417 1278 1441 contra
1290 1412 1396 1442 hostes
1412 1412 1670 1443 fideicliristiane
1684 1424 1716 1444 se
1731 1424 1767 1444 ac
1780 1416 1880 1445 suain
1891 1415 2110 1446 ultramarinis
2119 1427 2172 1447 ex-

1170 1473 1285 1503 ponere
1299 1466 1442 1504 partibus
1456 1475 1517 1496 non
1530 1467 1714 1505 formidant,
1727 1469 1856 1507 quique,
1868 1474 1994 1508 propter
2005 1470 2173 1501 dissensio-

1171 1527 1226 1547 nes
1235 1519 1345 1555 seculi,
1357 1528 1435 1557 quas
1450 1520 1673 1558 frequenterin
1686 1530 1722 1551 eo
1736 1523 1883 1552 suscitari
1896 1523 2107 1561 contingit,in
2121 1524 2172 1554 di-

1171 1572 1269 1601 versis
1294 1572 1408 1601 mundi
1426 1573 1566 1611 partibus
1586 1573 1725 1613 dampna
1739 1575 1849 1612 gravia
1869 1576 2082 1614 pertulerunt,
2107 1577 2173 1607 illis

1169 1625 1265 1654 etiam
1273 1626 1429 1663 personis,
1445 1626 1537 1655 bonis
1555 1631 1585 1656 et
1601 1627 1694 1657 rebus
1710 1628 1861 1658 omnibus
1877 1629 1916 1658 ab
1931 1630 2075 1668 ejusdem
2091 1639 2173 1668 pres-

1171 1679 1288 1707 tatione
1304 1679 1427 1708 decime
1444 1688 1571 1717 prorsus
1585 1681 1734 1719 exceptis,
1757 1690 1836 1719 quos
1852 1682 2078 1712 declarationes
2095 1684 2172 1713 olim

1169 1730 1305 1760 diversis
1328 1732 1522 1770 temporibus
1548 1741 1603 1771 per
1624 1733 1731 1762 sedem
1756 1734 1960 1771 apostolicam
1984 1735 2066 1765 edite
2089 1736 2173 1765 circa

1169 1784 1367 1815 decimarum
1397 1786 1622 1823 prestationem
1650 1786 1804 1817 hactenus
1828 1794 2029 1826 exceperunt.
2061 1788 2172 1825 Quoad

1170 1838 1395 1868 Cistercienses
1411 1844 1534 1875 autem,
1553 1840 1610 1878 qui
1630 1840 1669 1869 de
1684 1849 1841 1870 manuum
1857 1850 1988 1871 suarum
2012 1841 2173 1872 laboribus

1170 1894 1391 1930 terrarumque
1399 1891 1989 1933 cultibussubstentantur‚quanquam
1999 1904 2050 1925 eos
2058 1904 2174 1934 nequa-

1171 1953 1267 1983 quam
1276 1954 1294 1974 a
1303 1947 1493 1984 prestatione
1506 1946 1628 1976 decime
1640 1946 1824 1985 hujusmodi
1840 1948 2025 1978 duxerimus
2035 1949 2175 1978 eximen-

1171 1999 1236 2035 dos,
1247 2008 1287 2029 ne
1297 2003 1403 2029 tamen
1414 1999 1581 2038 religionis
1592 2001 1806 2037 observantia,
1817 2011 1878 2039 que
1895 2002 1928 2031 in
1941 2011 2050 2032 eorum
2062 2002 2174 2032 ordine

1170 2052 1374 2082 laudabiliter
1391 2053 1499 2091 vigere
1514 2054 1704 2091 diuoscitur,
1714 2055 1928 2093 perturbetur,
1939 2060 1969 2084 et
1983 2055 2103 2093 divina,
2113 2065 2174 2094 que

1170 2105 1252 2135 inibi
1268 2105 1384 2135 studiis
1402 2106 1547 2136 sollicitis
1566 2112 1764 2144 exercentur,
1779 2108 1932 2147 obsequia
1947 2108 2174 2138 diminutionis

1171 2159 1339 2198 dispendia
1364 2160 1537 2198 patiantur,
1555 2161 1766 2199 quantitatem
1788 2161 1973 2191 solvendam
1994 2162 2033 2191 ab
2053 2162 2098 2191 eis
2118 2170 2174 2200 pro

1171 2212 1240 2251 ipsa
1255 2212 1390 2248 decima,
1405 2218 1434 2242 et
1446 2214 1575 2243 modum
1588 2213 1755 2243 solutionis
1765 2214 1867 2252 ipsius
1879 2215 1924 2244 sic
1936 2215 2087 2245 duximus
2106 2223 2174 2244 mo-

1171 2265 1362 2302 derandum,
1380 2271 1414 2296 ut
1429 2266 1563 2303 solvant,
1577 2276 1632 2305 pro
1647 2272 1713 2296 rata
1725 2268 1868 2303 triennii,
1885 2272 2041 2306 quantum
2054 2272 2083 2297 et
2095 2268 2175 2297 sicut

1171 2319 1310 2358 predicto
1326 2319 1474 2358 Philippo
1494 2321 1560 2358 regi
1578 2320 1727 2350 defuncto
1753 2321 1790 2349 de
1806 2329 1954 2350 concessa
1973 2321 2002 2350 ei
2021 2330 2076 2360 per
2094 2330 2174 2359 qua-

1171 2373 1359 2403 driennium
1377 2373 1499 2403 decima
1519 2374 1729 2403 conventione
1752 2373 1930 2403 voluntarie
1955 2374 2172 2412 prestiterunt.

1171 2426 1331 2463 Ceterum,
1347 2427 1373 2456 si
1390 2427 1495 2456 forsan
1511 2427 1594 2456 infra
1608 2427 1727 2456 dictum
1742 2427 1920 2457 triennium
1935 2428 1969 2456 in
1986 2427 2104 2465 prefato
2118 2435 2173 2456 ne-

1171 2480 1255 2517 gotio
1272 2480 1357 2518 pacis
1379 2480 1485 2509 federa
1503 2480 1724 2518 provenirent,
1740 2480 1791 2510 vel
1807 2481 2004 2518 contingeret
2019 2480 2057 2509 ab
2073 2479 2174 2517 ipsius

1172 2534 1392 2570 prosecutione
1418 2533 1542 2569 desisti,
1574 2533 1654 2562 illud
1678 2533 1761 2572 quod
1787 2534 1846 2563 erit
1870 2543 1924 2562 seu
1953 2533 2107 2571 supererit
2136 2532 2174 2561 de

1171 2585 1296 2615 decima
1313 2586 1498 2623 hujusmodi
1522 2586 1583 2615 sibi
1599 2595 1749 2616 concessa
1769 2586 1812 2628 in?
1826 2587 1910 2616 sedis
1933 2586 2050 2624 prefate
2067 2585 2172 2623 dispo-

1172 2639 1299 2675 sitione,
1316 2638 1518 2668 ordinatione
1534 2648 1569 2668 ac
1586 2639 1746 2668 voluntate
1762 2638 1862 2668 libera
1878 2638 2066 2668 remanebit.
2084 2638 2130 2672 Et,
2146 2638 2174 2667 si

1172 2701 1266 2730 super
1282 2692 1445 2730 premissis
1458 2697 1513 2722 aut
1527 2692 1634 2731 aliquo
1651 2692 1876 2730 premissorum
1892 2691 2109 2729 interpretatio
2125 2690 2175 2720 vel

1171 2745 1340 2775 declaratio
1357 2746 1468 2784 quevis
1487 2746 1659 2775 occurrerit
1678 2745 1831 2780 facienda,
1848 2745 1908 2774 erit
1923 2745 1955 2774 in
1973 2745 2072 2783 ipsius
2090 2744 2174 2774 sedis

1171 2799 1315 2834 arbitrio,
1333 2802 1363 2827 et
1378 2800 1445 2835 ejus
1461 2798 1656 2836 beneplacito
1675 2797 1886 2836 relinquetur.
1904 2797 1985 2827 Cum
2003 2798 2102 2835 igitur
2120 2805 2174 2827 vos

1172 2852 1211 2881 ad
1223 2851 1418 2881 exactionem
1432 2851 1615 2889 hujusmodi
1629 2851 1819 2884 faciendam,
1830 2851 1936 2880 solerti
1945 2850 2175 2881 deliberatione

1173 2904 1342 2943 premissa,
1361 2904 1548 2933 duxerimus
1576 2903 1755 2941 eligendos,
1775 2904 1966 2933 fraternitati
1995 2909 2097 2934 vestre
2122 2913 2176 2943 per

1171 2957 1340 2996 apostolica
1361 2957 1475 2995 scripta
1494 2957 1685 2986 mandamus
1703 2961 1874 2995 quatenus,
1891 2965 1973 2986 onus
1989 2957 2175 2995 hujusmodi

1172 3010 1260 3040 vobis
1272 3010 1457 3049 impositum
1473 3010 1680 3048 suscipientes
1692 3009 1860 3040 humiliter
1872 3015 1902 3040 et
1916 3010 2038 3048 devote,
2047 3019 2175 3040 venera-

1172 3064 1251 3094 biles
1268 3064 1378 3093 t’ratres
1396 3067 1518 3094 nostros
1533 3064 1800 3102 archiepiscopos,
1821 3064 1982 3103 episcopos
2001 3069 2031 3094 et
2045 3064 2175 3094 dilectos
