2342 3652
853 354 1072 394 PREMOERE
1095 352 1252 392 ΑΝΝΕΕ.
2059 357 2093 386 81

15 452 82 474 esse
100 441 224 472 videtur
230 450 238 477 ;
257 447 323 469 non
337 441 443 468 autem
459 436 589 466 illorum
603 442 681 473 quos
696 431 878 463 emendatos
895 429 1013 460 consti-

15 496 90 527 terit
110 498 140 524 et
158 501 214 532 pro
238 491 330 530 culpa
344 488 531 529 hujusmodi
548 488 586 517 ad
602 486 788 516 mandatum
806 482 937 513 ecclesie
959 491 1013 520 pe-

17 548 190 579 nitentiam
207 545 378 584 recepisse,
394 551 490 583 quam
512 541 572 580 ipsi
588 539 636 570 vel
654 539 721 578 jam
737 536 946 576 perfecerunt,
963 534 1015 565 vel

17 600 187 632 humiliter
201 596 415 637 prosecutioni
430 596 496 634 ejus
511 594 677 629 insistunt,
693 589 744 621 vel
757 588 858 628 parati
871 588 1012 626 fuerunt,

17 654 95 684 dum
108 653 270 688 viverent,
294 650 333 680 ad
348 647 568 688 recipiendum
583 645 727 676 eandem.
749 641 918 673 Diocesani
936 649 1013 679 quo-

15 716 77 747 que
102 706 136 736 in
164 704 326 744 privandis
350 703 466 733 talibus
495 704 568 730 sunt
591 696 780 737 generaliter
804 694 1010 734 requirendi⁷

16 760 81 790 nisi
112 759 219 789 forsan
243 760 401 787 constaret
421 754 561 793 legitime
582 751 664 791 quod
686 749 786 779 iidem
809 749 945 778 scienter
969 747 1015 776 eis

16 812 171 844 beneficia
187 810 395 841 contulissent
410 820 418 846 ;
437 813 511 838 tunc
526 805 611 836 enim
629 812 680 834 eos
697 803 731 832 in
751 802 790 831 iis
806 801 1014 840 requirendos

17 875 86 896 esse
107 873 172 895 non
192 864 367 900 credimus,
389 862 442 892 sed
464 859 566 899 potius
586 867 604 887 a
621 865 677 887 suo
692 855 801 895 judice
821 854 1010 894 puniendos.

19 920 82 950 Vos
94 919 194 957 igitur
205 918 289 947 circa
305 917 363 946 hec
379 919 409 945 et
418 914 479 944 alia
491 910 707 949 contingentia
717 910 751 939 in
763 909 823 939 hac
835 913 920 948 parte
931 917 1014 938 com-

18 972 153 1002 missum
176 970 265 1001 vobis
287 969 428 1000 officium
445 967 489 996 sic
509 964 679 1005 prudenter
702 967 731 993 et
747 961 885 992 fideliter
901 962 1016 1000 exequi

19 1025 212 1064 procuretis,
232 1024 278 1053 sic
294 1023 334 1053 ad
349 1031 383 1052 ea
399 1029 475 1060 pure
491 1022 616 1058 propter
632 1017 736 1046 Deum
747 1039 755 1054 ,
775 1017 866 1055 cujus
887 1024 1015 1045 causam

20 1078 151 1117 geritis,
172 1082 276 1107 vestra
296 1077 413 1106 feratur
438 1072 572 1103 intentio
596 1070 681 1110 quod
703 1070 792 1100 labor
811 1073 912 1099 vester
928 1069 1016 1099 vobis

20 1131 60 1162 ad
76 1132 138 1162 vite
156 1130 312 1170 premium
327 1132 357 1159 et
373 1127 446 1158 aliis
465 1126 505 1156 ad
520 1125 655 1155 salutem
669 1148 675 1160 ,
693 1132 754 1162 que
769 1122 873 1152 solum
888 1122 922 1151 in
940 1121 1015 1151 tali-

21 1185 81 1215 bus
96 1185 252 1223 queritur,
272 1181 412 1221 proficiat
425 1179 615 1210 animarum.
636 1177 708 1206 Dat.
726 1179 760 1206 ut
775 1184 880 1214 supra.
901 1187 914 1202 n

56 1357 145 1386 428
347 1349 700 1384 Salute—Marie-Majeure,
714 1348 747 1375 23
759 1348 909 1375 decembre
922 1347 998 1375 1288.

50 1418 272 1455 Inquisitoribus
282 1416 438 1444 haereticae
446 1413 593 1449 pravitatis
603 1413 675 1439 infra
684 1412 878 1439 Arelatensem
885 1434 889 1442 ,
897 1411 1017 1446 Aquen-

22 1477 83 1496 sem
95 1472 124 1495 et
138 1467 369 1494 Ebrodunensem
386 1463 545 1499 provincias
561 1461 727 1488 constitutis
739 1461 902 1487 facultatem
918 1469 1019 1487 conce-

23 1518 64 1544 djt
87 1516 207 1552 cogendi
227 1523 276 1550 per
297 1521 445 1541 censuram
466 1511 692 1538 ecclesiasticam
711 1514 768 1536 tam
790 1511 948 1536 haereticos
973 1518 1018 1536 re-

22 1566 145 1593 deuntes
169 1564 204 1592 ad
226 1563 354 1590 mandata
378 1560 514 1588 ecclesiae
538 1568 623 1594 quarn
650 1559 838 1593 fidejussores
862 1568 962 1597 eorum
984 1559 1018 1585 ad

23 1615 193 1643 solutionem
226 1620 330 1648 poenae
362 1610 541 1646 pecuniariae
571 1609 605 1635 ad
634 1617 721 1643 quam
751 1617 782 1635 se
817 1608 1017 1643 obligaverint.

25 1663 107 1696 (Rau.
124 1663 166 1696 44,
182 1669 208 1689 c.
222 1661 283 1692 262,
298 1661 317 1687 f.
334 1660 366 1687 62
383 1665 430 1692 v⁰;
448 1658 528 1689 Por„
546 1658 654 1692 22840.)

63 1764 190 1794 Eisdem.
211 1775 224 1791 «ι
249 1762 349 1801 Super
364 1761 570 1800 extirpatione
586 1759 747 1799 pravitatis
768 1759 907 1789 heretice
928 1759 986 1789 hoc
1000 1769 1018 1790 a

26 1817 113 1848 vobis
136 1817 170 1846 in
190 1815 266 1847 locis
284 1815 319 1845 in
342 1815 459 1853 quibus
477 1817 585 1844 contra
605 1813 759 1842 hereticos
774 1812 866 1842 ,vobis
884 1813 1019 1851 inquisi-

27 1869 120 1900 tionis
133 1868 271 1899 officium
287 1871 334 1898 est
348 1868 553 1898 commissum
572 1865 741 1896 statuimus
756 1865 991 1895 observandum
1011 1875 1018 1895 z

26 1922 71 1953 Ut
90 1921 253 1958 hereticis,
277 1920 494 1957 credentibus,
515 1919 709 1956 fautoribus,
726 1918 974 1957 receptatoribus
992 1923 1021 1948 et

27 1973 243 2005 defensoribus
257 1973 468 2004 hereticorum
481 1973 622 2012 ipsorum
637 1972 676 2001 ad
691 1972 877 2001 mandatum
891 1971 1021 2001 ecclesie

27 2025 233 2057 redeuntibus
253 2026 311 2056 sub
337 2030 418 2056 certa
442 2034 523 2064 pena
545 2024 728 2064 pecuniaria
752 2024 929 2063 injungatis
955 2025 1022 2054 dis*

27 2079 116 2109 triete
135 2077 220 2118 quod
241 2077 336 2108 fidem
358 2077 545 2109 catholicam
566 2077 700 2107 firmiter
720 2081 865 2114 teneant,
885 2082 916 2106 et
939 2077 1021 2107 ulte-

26 2133 93 2164 rius
108 2132 255 2163 hereticis
270 2133 344 2172 ipsis
358 2133 524 2170 auxilium,
541 2133 724 2170 consilium,
742 2132 792 2162 vel
808 2133 948 2163 favorem
963 2133 1022 2163 ali-

27 2195 122 2226 quem
137 2194 200 2216 non
213 2185 397 2224 impendant
407 2197 414 2223 3
426 2195 550 2216 necnon
563 2186 693 2216 ecclesie
704 2186 864 2215 mandatis
874 2186 1024 2216 obediant

29 2244 59 2269 et
81 2240 250 2270 observent
270 2248 330 2278 que
347 2240 391 2269 eis
411 2240 561 2277 feceritis,
586 2240 637 2270 vel
659 2249 743 2270 unus
761 2243 914 2277 vestrum,
933 2249 1023 2270 occa—

29 2293 119 2323 sione
134 2292 236 2331 ipsius
249 2291 385 2322 heretice
398 2293 559 2331 pravitatis
573 2302 578 2326 ;
594 2297 624 2322 et
637 2293 675 2323 ab
686 2292 806 2323 eisdem
822 2293 860 2323 de
873 2293 1026 2323 solvenda

28 2345 214 2385 hujusmodi
237 2346 381 2385 pecunia,
409 2346 435 2376 si
456 2355 545 2377 secus
564 2347 716 2383 fecerint,
740 2347 844 2377 cautio
870 2347 1023 2385 exigatur.

29 2398 97 2429 Nos
111 2402 217 2428 autern
233 2398 321 2428 vobis
338 2403 368 2428 et
382 2399 515 2438 singulis
532 2404 672 2430 vestrum
688 2400 822 2438 cogendi
838 2408 894 2438 per
909 2408 1025 2430 censu-

29 2460 98 2482 ram
118 2451 372 2489 ecclesiasticam,
391 2452 596 2492 appellatione
611 2458 749 2490 remota,
777 2457 839 2483 tam
857 2453 1027 2483 redeuntes

28 2504 113 2544 ipsos
135 2513 230 2544 quam
255 2505 470 2544 fidejussores,
495 2507 521 2536 si
547 2507 735 2545 oportuerit,
758 2506 961 2543 eorumdem,
987 2506 1027 2535 ad

29 2557 255 2596 prestationem
269 2557 322 2595 vel
339 2557 525 2588 solutionem
539 2559 723 2598 hujusmodi
734 2568 816 2598 pene
829 2559 1026 2598 pecuniarie,

29 2609 68 2640 ad
85 2618 182 2649 quam
199 2619 232 2640 se
244 2609 464 2648 obligaverunt
477 2611 527 2641 vel
540 2611 760 2650 obligaverint,
778 2612 816 2649 si,
833 2611 918 2650 quod
933 2611 1027 2650 absit,

30 2662 64 2692 in
90 2662 207 2692 dictam
232 2671 348 2702 penam
370 2662 554 2703 inciderint,
573 2663 700 2703 plenam
723 2664 927 2695 concedimus
951 2672 1028 2694 auc-

31 2715 156 2746 toritate
181 2716 378 2755 presentium
409 2716 596 2747 facultatem.
622 2718 763 2748 Pecunia
787 2726 876 2754 vero,
904 2727 966 2756 que
990 2718 1029 2747 de

30 2768 216 2808 hujusmodi
243 2769 345 2808 penis,
372 2768 423 2799 vel
452 2778 487 2799 ex
520 2771 609 2800 tertia
638 2775 724 2811 parte
754 2771 948 2802 muletarum
978 2771 1029 2800 vel

31 2821 356 2860 condempnationum
375 2822 604 2860 exigendarum
627 2833 645 2854 a
666 2824 861 2864 quibuslibet
884 2823 1029 2863 personis

0 2887 2 2945 >
31 2878 62 2904 et
78 2873 174 2912 locis,
190 2883 245 2908 seu
261 2875 418 2906 bonorum
437 2877 774 2915 apprehendendorum
791 2878 956 2908 occasione
972 2877 1029 2907 he-

0 2950 2 2956 .
31 2927 110 2957 resis
122 2927 170 2957 vel
181 2927 408 2964 hereticorum,
425 2929 599 2959 secundum
612 2934 752 2961 tenorem
763 2930 1030 2961 constitutionum

1 2972 4 3024 l
32 2984 230 3019 nostrarum,
247 2990 325 3020 quas
341 2981 375 3010 in
392 2981 518 3011 eosdem
534 2981 702 3020 hereticos,
718 2984 856 3014 fautores
871 2992 981 3015 eorum
1002 2986 1032 3013 et

2 3038 8 3089 ι
32 3031 110 3064 alios
128 3033 343 3073 promulgatas
364 3035 398 3064 in
416 3035 642 3073 capitularibus
657 3037 820 3067 civitatum
840 3041 871 3067 et
884 3037 1031 3067 locorum

175 3099 248 3127 Rae.
268 3099 390 3128 Nicoms
412 3100 463 3127 IV.

0 2764 4 2787 t

10 3269 12 3291 l

11 3312 13 3331 l

1093 428 1229 458 aliorum
1253 428 1411 459 conscribi
1432 426 1656 457 mandavimus
1667 447 1675 462 ,
1691 424 1771 454 forte
1790 422 1983 462 pervenerit,
2000 431 2097 461 penes

1095 484 1157 511 tres
1173 481 1256 511 viros
1276 481 1338 511 fide
1357 481 1503 520 probatos
1523 488 1541 509 a
1555 478 1643 509 vobis
1660 481 1690 507 et
1704 486 1722 506 a
1738 476 1926 511 diocesano,
1944 474 1994 504 vel
2012 475 2097 513 ejus-

1095 533 1168 563 dem
1183 534 1316 572 vicario,
1334 534 1360 563 si
1375 533 1459 563 idem
1476 540 1608 571 presens
1621 539 1685 560 non
1701 529 1808 566 fuerit,
1826 528 1990 566 eligendos
2006 527 2098 566 depo-

1096 591 1192 617 natur
1214 587 1351 617 fideliter
1369 585 1604 622 conservanda;
1630 588 1660 614 et
1676 584 1715 613 de
1731 582 1785 612 illa
1808 582 1895 612 vobis
1915 585 1945 611 et
1963 580 2099 619 singulis

1096 644 1237 670 vestrum
1255 641 1433 670 necessarie
1449 639 1488 669 ad
1503 637 1758 678 prosecutionem
1780 635 1897 674 negotii
1915 638 2024 664 contra
2041 633 2099 663 he-

1096 694 1210 724 reticos
1231 703 1367 733 expense
1390 694 1459 723 sine
1482 691 1665 722 difficultate
1687 689 1805 728 aliqua,
1824 689 1860 718 de
1874 688 1973 726 ipsius
1996 687 2100 717 dioce-

1097 747 1167 776 sani
1182 747 1333 783 consilio,
1351 746 1588 781 ministrentur,
1613 747 1642 774 et
1661 743 1767 773 eidem
1784 742 1952 772 diocesano
1975 740 2014 770 de
2036 739 2100 769 hiis

1098 809 1160 839 que
1179 800 1315 839 expendi
1338 799 1508 836 contigerit
1531 797 1662 827 rationis
1680 796 1820 836 plenarie
1842 794 1944 824 fidelis
1969 802 2100 832 compu-

1099 853 1173 883 tatio
1190 856 1373 891 exponatur.
1395 852 1467 881 Dat.
1487 855 1640 889 utsupra.
1660 862 1673 876 >³

1132 1025 1220 1054 423

1133 1086 1359 1122 Inquisitoribus
1366 1084 1526 1111 haereticae
1536 1083 1682 1118 pravitatis
1691 1082 1763 1108 infra
1769 1081 1978 1109 Arelatensem,
1986 1081 2102 1114 Aquen-

1099 1144 1161 1163 sem
1177 1140 1206 1162 et
1220 1134 1457 1162 Ebredunensem
1474 1133 1637 1168 provincias
1653 1130 1817 1157 constitutis
1833 1129 1947 1155 mandat
1962 1133 2104 1163 quatenus

1099 1189 1156 1212 tam
1172 1185 1334 1211 haereticos
1347 1182 1503 1209 redeuntes
1521 1181 1555 1207 ad
1571 1180 1721 1206 ecclesiam
1737 1186 1823 1213 quam
1838 1185 1937 1204 eorum
1952 1177 2015 1211 fidej
2022 1184 2104 1202 usso-

1100 1243 1146 1261 res
1166 1242 1217 1269 per
1231 1233 1445 1267 impositionem
1469 1235 1498 1257 et
1513 1230 1692 1257 exactionem
1711 1235 1868 1263 poenarum
1884 1229 1988 1260 cogant
2003 1225 2038 1251 ad
2054 1233 2105 1259 pa-

1101 1283 1218 1310 rendum
1235 1281 1376 1308 mandatis
1395 1280 1544 1307 ecclesiae.
1562 1279 1644 1313 (Hm.
1663 1278 1711 1311 44,
1732 1285 1757 1303 c.
1783 1275 1850 1307 -263,
1867 1276 1886 1301 f.
1903 1275 1936 1302 62
1953 1280 1999 1307 v0;
2020 1273 2102 1305 Pon,

1100 1333 1207 1363 22841.)

1425 1020 1783 1054 sainte-Marte·MaJeure,
1796 1019 1828 1047 23
1842 1018 1992 1045 decembre
2006 1017 2082 1044 1288.

1141 1436 1269 1464 Eisdem.
1290 1445 1302 1460 a
1321 1432 1370 1462 Ad
1388 1431 1585 1461 audientiam
1604 1434 1746 1459 nostram
1765 1427 1908 1467 pervenit
1924 1425 2008 1464 quod
2025 1433 2105 1454 non-

1102 1488 1183 1519 nulli
1211 1488 1294 1517 infra
1322 1486 1475 1516 terminos
1501 1484 1538 1513 ad
1572 1481 1803 1522 inquirendum
1836 1480 1924 1510 vobis
1951 1479 2106 1509 constitu-

1103 1547 1148 1573 tos
1164 1542 1262 1572 notati
1285 1545 1315 1571 et
1336 1539 1473 1578 suspecti
1497 1538 1535 1567 de
1558 1536 1700 1566 heretica
1726 1534 1879 1573 pravitate
1904 1542 1939 1562 ac
1967 1533 2105 1562 fautores

1103 1601 1132 1626 et
1154 1599 1361 1635 receptatores
1383 1593 1598 1623 hereticorum
1623 1589 1662 1619 ad
1688 1587 1875 1617 mandatum
1900 1585 2031 1616 ecclesie
2055 1593 2106 1614 re-

1103 1651 1236 1680 deuntes
1252 1648 1413 1678 interdum
1435 1655 1468 1676 se
1487 1645 1631 1683 obligant
1646 1643 1704 1673 snb
1719 1642 1813 1672 certis
1832 1641 1922 1679 penis
1940 1639 1979 1669 ad
1995 1647 2108 1678 paren-

1102 1704 1178 1734 dum
1195 1702 1354 1733 mandatis
1372 1700 1516 1735 ecclesie,
1537 1702 1567 1728 et
1583 1706 1677 1736 super
1692 1696 1752 1725 hoc
1769 1697 1909 1734 prestant
1924 1692 2011 1722 vobis
2029 1691 2107 1720 fide-

1099 1758 1255 1799 jussorias
1286 1755 1464 1790 cautiones,
1500 1760 1637 1791 quorum
1675 1747 1826 1779 nonnulli
1857 1746 2016 1776 mandatis
2047 1753 2108 1783 que

1102 1812 1179 1851 ipsis
1195 1809 1297 1840 facitis
1317 1816 1427 1847 parere
1445 1809 1604 1835 recusant.
1626 1802 1709 1839 Quia
1729 1809 1803 1831 vero
1825 1799 1924 1830 nostri
1949 1798 2037 1828 decet
2052 1806 2108 1836 ap-

1105 1865 1260 1906 positione
1276 1861 1404 1893 consilii
1422 1867 1517 1898 super
1538 1859 1595 1887 hoc
1611 1855 1782 1886 salubriter
1797 1852 1972 1892 provideri,
1992 1851 2108 1880 discre—

1105 1919 1184 1950 tioni
1209 1921 1311 1947 vestre
1338 1924 1393 1953 per
1414 1911 1584 1951 apostolica
1606 1909 1722 1948 scripta
1738 1906 1929 1936 mandamus
1951 1908 2110 1943 quatenus

1106 1973 1182 2003 tales
1199 1976 1229 2001 et
1244 1970 1446 2009 fidejussores
1462 1973 1589 2000 eorum,
1608 1962 1693 2001 quod
1711 1960 1871 1990 mandatis
1887 1958 1977 1988 factis
1993 1957 2038 1987 eis
2055 1964 2110 1995 per

1106 2035 1159 2056 vos
1176 2029 1205 2055 et
1222 2022 1375 2053 faciendis
1390 2022 1539 2060 pareant,
1557 2016 1734 2046 monitione
1751 2013 1919 2053 premissa,
1935 2020 1991 2050 per
2006 2010 2110 2048 impo-

1105 2079 1253 2110 sitionem
1279 2081 1309 2105 et
1329 2074 1525 2104 exactionem
1544 2078 1700 2110 penarum
1723 2067 1762 2097 ad
1783 2075 1846 2106 que
1864 2074 1896 2095 se
1911 2064 2064 2102 obligant,
2082 2066 2112 2092 et

1107 2133 1199 2162 etiam
1218 2139 1273 2169 per
1288 2135 1457 2158 censuram
1473 2122 1736 2158 ecclesiasticam,
1754 2119 1963 2159 appellatione
1978 2120 2110 2152 remota,

1106 2185 1244 2223 cogatis,
1263 2183 1407 2212 invocato
1425 2179 1465 2209 ad
1483 2179 1558 2214 hoc,
1582 2177 1608 2206 si
1627 2184 1704 2214 opus
1722 2174 1833 2209 fuerit,
1853 2170 1971 2202 anxilio
1987 2167 2112 2199 brachii

1107 2238 1269 2269 secularis.
1285 2236 1357 2265 Dat.
1376 2238 1409 2264 ut
1424 2241 1529 2272 supra.
1547 2243 1559 2257 ι

1143 2404 1231 2433 430
1433 2395 1794 2435 Sainte-Marie-Majeure,
1808 2392 1841 2419 23
1853 2390 2003 2417 decembre
2018 2388 2092 2415 1288.

1144 2464 1369 2502 Inquisitoribus
1403 2461 1564 2489 haereticae
1600 2457 1749 2493 pravitatis
1789 2455 1862 2482 infra
1895 2452 2111 2480 Arelatwsem,

1108 2518 1277 2551 Aquensem
1302 2516 1331 2539 et
1353 2511 1588 2538 Ebredunensem
1621 2505 1784 2542 provincias
1810 2501 1976 2529 constitutis
2000 2497 2114 2525 mandat

1110 2570 1253 2601 quatenus
1267 2562 1400 2590 officiales
1411 2561 1558 2587 civitatum
1575 2561 1602 2584 et
1617 2560 1777 2584 castrorum
1794 2560 1844 2587 per
1861 2556 2012 2578 censuram
2028 2554 2115 2582 apos-

1110 2615 1223 2642 tolicam
1240 2614 1345 2647 cogant
1360 2614 1391 2637 ut
1406 2605 1712 2636 excommunicationis
1736 2601 1891 2629 sententias
1910 2599 1939 2625 in
1956 2596 2114 2623 haereticos

1111 2664 1181 2690 latas
1201 2660 1364 2688 executioni
1386 2657 1567 2685 demandent.
1588 2654 1668 2687 (Rau.
1689 2652 1735 2682 44,
1753 2659 1779 2677 c.
1800 2648 1865 2679 264,
1884 2647 1903 2674 f.
1920 2646 1952 2673 63
1968 2652 2009 2677 r⁰;
2028 2643 2112 2676 Por,

1111 2712 1221 2743 22842.)

1152 2814 1281 2843 Eisdem.
1309 2823 1321 2837 ι
1341 2808 1391 2839 Ad
1406 2805 1604 2837 audientiam
1624 2806 1765 2832 nostram
1787 2797 1934 2838 pervenit
1949 2794 2033 2835 quod
2049 2801 2115 2823 cas-

1113 2867 1242 2904 tellani,
1266 2868 1422 2898 rectores,
1442 2858 1572 2895 vicarii,
1592 2856 1736 2896 judices,
1759 2851 1923 2887 consuleS‚
1942 2846 2092 2879 officiales
2107 2869 2114 2882 ,

1113 2920 1246 2952 consilia
1264 2922 1294 2948 et
1314 2913 1558 2947 communitates
1583 2907 1796 2949 quorumdam
1817 2908 2008 2937 castrorum,
2030 2900 2115 2930 loco-

1113 2983 1185 3005 rum
1202 2977 1232 3003 et
1247 2971 1413 3002 civitatum
1428 2967 1511 2997 infra
1528 2964 1679 2995 terminos
1694 2961 1734 2991 ad
1754 2956 1986 2998 inquirendum
2007 2957 2117 2984 contra

1113 3028 1268 3059 hereticos
1284 3023 1372 3054 vobis
1387 3031 1405 3052 a
1420 3020 1494 3051 sede
1509 3016 1676 3057 apostolica
1691 3014 1891 3048 constitutos,
1908 3009 1990 3039 circa
2006 3014 2116 3037 execu-

1934 3074 1960 3100 ll
