2342 3652
939 388 1172 427 TROISIEME
1188 389 1345 427 ANNEE.

95 461 173 491 terii.
194 461 263 489 Dat.
284 460 423 496 Romae,
447 460 531 498 apud
553 459 703 489 Sanctam
724 461 861 490 Mariam
885 463 1041 501 Maj0rem
1057 487 1064 499 ,
1082 472 1102 492 x

94 513 244 545 kalendas
258 512 369 551 aprilis
381 536 388 548 ,
406 521 491 542 anno
508 512 601 542 tertio
620 513 736 552 (Ibid.).

447 592 805 627 Sainte-Marie-Majeure,
826 594 863 620 1²¹·
879 595 934 620 mai
953 595 1028 621 1290.

134 658 171 687 In
191 665 218 688 e.
241 665 280 685 m.
301 655 460 685 universis
475 654 597 684 Christi
613 655 763 684 fidelibus
780 661 962 694 praesentes
979 653 1101 687 litteras

93 709 299 749 inspecturis,
318 715 372 747 pro
395 707 528 737 ecclesia
542 708 580 737 de
598 707 812 737 Grimbouilla
829 731 834 742 ‚
861 709 1099 747 Rothomagen-

95 765 137 794 sis
154 762 306 793 dioecesis
320 787 327 799 ,
348 761 380 790 in
404 762 563 792 honorem
590 761 682 792 Beati
708 762 793 791 Petri
817 766 1008 791 constructa.
1026 762 1098 791 Dat.

95 818 230 852 Romae,
248 816 369 846 ibidem
381 839 389 852 ,
406 815 552 846 kalendis
569 815 665 850 maii,
686 823 772 844 anno
791 815 882 844 tertio
899 815 1010 854 (lbra).

132 868 171 899 In
187 876 215 898 e.
229 876 273 898 m.
290 891 311 898 ..
328 867 503 897 abbatissae
520 871 550 896 et
571 867 743 896 conventui
766 867 952 896 monasterii
973 867 1012 895 de
1030 867 1099 896 Mo-

95 922 230 953 nasterio
256 920 401 957 villarii,
425 920 549 950 ordinis
573 919 605 950 S.
626 920 807 955 Benedicti,
830 919 1099 957 Rothomagensis

95 975 261 1011 dioecesis,
278 982 335 1012 pro
353 973 487 1003 ecclesia
505 973 648 1011 ejusdem
671 973 875 1007 monasterii,
893 974 926 1002 in
944 973 1099 1003 honorem

97 1029 208 1060 Beatae
223 1027 344 1057 Mariae
359 1031 548 1057 constructa.
566 1027 635 1056 Dat.
653 1031 686 1055 ut
702 1035 796 1064 snpra
812 1026 927 1066 (Ibat).

163 1227 284 1256 251ss

125 1289 173 1317 Ad
200 1289 398 1316 collectionem
429 1289 557 1316 decimae
587 1289 615 1315 in
645 1289 750 1315 Terrae
775 1288 897 1315 Sanctae
922 1289 1096 1316 subsidium.

92 1338 173 1373 (nm.
188 1339 232 1373 45,
248 1347 274 1366 c.
290 1338 334 1371 96,
351 1339 370 1364 f.
391 1338 422 1365 16
436 1339 488 1370 ro.)

428 1226 787 1261 Sainte-Marie-Majeure‚
803 1227 838 1253 ‘20
855 1235 932 1254 mars
948 1227 1026 1255 1290.

130 1450 294 1486 Gd'rz'ssimo
311 1456 346 1484 in
368 1455 487 1484 Christo
503 1456 567 1493 filio
589 1457 634 1491 R„
657 1456 942 1493 re92R0n1a1107·um
963 1456 1092 1485 illustri.

91 1509 171 1539 Eum
187 1508 333 1551 hortatur
349 1513 383 1538 nt
399 1508 596 1538 Theoderico
611 1534 617 1545 ,
641 1508 801 1538 collectori
817 1509 960 1538 decimae
980 1509 1095 1538 Terrae

91 1561 224 1592 Sanctae
240 1562 274 1591 in
290 1570 390 1600 regno
410 1561 612 1598 Alamaniae,
630 1562 681 1592 cui
697 1570 777 1600 papa
791 1562 957 1591 mandavit
974 1566 1007 1591 ut
1024 1571 1096 1591 con-

91 1618 138 1645 tra
168 1624 221 1645 eos
251 1615 308 1654 qui
340 1616 495 1654 quasdam
532 1617 742 1654 pecuniarum
776 1624 919 1645 summas
953 1616 1095 1646 decimae

91 1667 206 1698 Terrae
220 1667 366 1705 Sanctae,
384 1669 419 1698 in
435 1669 530 1698 certis
546 1668 624 1698 locis
640 1669 779 1708 partium
795 1668 986 1699 Alamaniae
1003 1669 1096 1707 depo-

52 1736 54 1754 :
91 1720 178 1758 sitas,
191 1725 370 1760 rapuerunt
384 1722 543 1760 procedat,
560 1721 717 1751 auxilium
733 1727 766 1752 et
778 1722 919 1752 favorem
936 1722 1093 1760 praebeat.

132 1785 147 1802 α
180 1774 399 1819 Indubitatam
428 1776 570 1813 gerimus
599 1775 676 1806 de...
702 1792 740 1797 —-
763 1776 834 1805 Dat.
863 1776 981 1812 Rome,
1012 1776 1094 1814 apud

51 1839 53 1841 ¹
91 1827 242 1858 Sanctam
265 1829 400 1858 Mariam
418 1829 593 1867 Maj0rem,
610 1838 664 1858 xm
685 1828 838 1858 kalendas
860 1829 987 1867 aprilis,
1009 1837 1095 1858 anno

91 1881 193 1912 tertio.
213 1895 226 1908 »

159 2088 275 2116 251!

122 2148 166 2176 De
179 2149 280 2177 eodem
297 2150 422 2185 negotio.
440 2150 523 2184 (Rae.
541 2150 585 2180 45,
602 2158 626 2176 0.
647 2150 691 2182 97,
707 2150 726 2176 f.
746 2150 776 2177 16
793 2150 844 2185 νο.)

427 2087 784 2123 Sainte-Marie-Majeure,
803 2087 833 2114 -21
852 2096 928 2114 mars
944 2088 1020 2116 1-290.

130 2267 326 2304 Theoderico,
347 2267 450 2306 priori
476 2268 592 2297 ecclesie
619 2267 723 2297 Sancti
746 2258 863 2297 Andree
894 2267 1089 2304 Urbevetane,

87 2321 239 2360 capellano
255 2325 378 2358 nostro,
405 2320 554 2351 collectori
574 2321 683 2350 decime
706 2322 791 2350 Terre
812 2321 917 2350 Sancte
940 2322 973 2350 in
999 2329 1090 2358 reyno

55 2373 246 2411 „Alamanie
262 2375 414 2412 deputato.
438 2374 474 2404 Ei
490 2374 621 2404 mandat
636 2378 806 2413 quatenns,
823 2374 862 2403 de
878 2373 1088 2412 pecuniarum

87 2427 223 2456 summis
247 2427 390 2456 decimae
416 2427 532 2457 Terrae
559 2427 694 2457 Sanctae
717 2437 811 2466 quas,
831 2427 865 2456 in
892 2427 985 2456 certis
1009 2427 1088 2457 locis

87 2481 222 2519 partium
249 2479 437 2510 Alamaniae
461 2480 637 2518 depositas,
667 2480 798 2519 quidam
825 2479 1030 2510 ecclesiastici
1059 2484 1089 2509 et

86 2531 160 2563 laici
186 2533 245 2563 viri
273 2537 448 2572 rapuerunt
476 2545 491 2560 «
517 2536 547 2562 et
574 2533 807 2572 quantitatibus
838 2533 1022 2562 earumdem
1051 2541 1087 2562 ac

85 2584 186 2616 forma
200 2591 231 2616 et
248 2587 342 2617 modo
357 2586 564 2625 depositionis
590 2596 644 2616 seu
668 2586 923 2624 congregationis
944 2586 1086 2624 ipsarum

85 2646 122 2669 ac
136 2648 277 2678 perquos
293 2644 325 2670 et
339 2640 422 2679 apud
434 2649 515 2678 quos
525 2640 599 2669 etin
613 2640 729 2678 quibus
741 2639 818 2670 locis
833 2639 975 2678 deposite
986 2639 1085 2669 fuisse

63 2696 260 2722 -noscuntur
275 2697 306 2722 et
320 2693 359 2723 ad
378 2702 456 2732 quos
479 2695 513 2723 in
534 2698 596 2724 toto
617 2693 667 2723 vel
690 2694 723 2723 in
748 2698 835 2732 parte
855 2698 885 2722 et
906 2701 968 2732 quo
990 2692 1085 2722 modo

83 2744 135 2775 vel
149 2754 222 2776 casu
241 2746 433 2776 devenerint
452 2756 575 2777 necnon
593 2747 632 2776 de
649 2747 799 2777 omnibus
815 2746 935 2784 negotii
951 2746 1086 2776 circum-

76 2799 209 2829 ⁴stantiis
223 2800 380 2839 inquisita
391 2801 565 2839 prudenter
575 2806 605 2830 et
621 2800 769 2837 fideliter,
783 2805 845 2830 tam
857 2804 975 2830 secreto
987 2809 1083 2838 quarn

85 2852 461 2892 publice...,‘diligentius
480 2855 620 2889 veritate,
637 2855 677 2884 ad
694 2855 889 2884 exactionem
908 2858 938 2884 et
952 2863 1084 2892 recupe—

85 2902 238 2936 rationem
248 2908 455 2945 pecuniarum
467 2907 656 2947 huJusmodi
667 2911 776 2937 contra
786 2916 1004 2945 quascumque
1016 2916 1085 2945 per-

72 2966 225 2994 ,sonaS...,
242 2961 472 2999 cujuscumque
487 2966 604 2997 status,
623 2961 806 2998 dignitatis,
822 2960 946 2990 ordinis
963 2964 992 2990 et
1006 2968 1082 2989 con-

84 3010 214 3042 ditionis
229 3013 385 3050 existant,
406 3026 420 3041 »
438 3014 595 3052 procedat.

124 3076 137 3092 ι
156 3065 203 3095 Ad
226 3071 367 3096 nostram
391 3067 574 3105 pervenit...
599 3082 636 3089 —
655 3067 727 3096 Dat.
746 3067 863 3103 Rome,
881 3066 964 3105 apud
981 3066 1081 3096 Sanc-

2130 408 2186 437 427

1185 467 1249 492 tam
1267 463 1405 493 Mariam
1425 465 1577 505 Majorem
1590 490 1598 504 ‚
1616 478 1658 497 xn
1685 468 1838 499 kalendas
1863 471 1973 510 aprilis
1986 497 1994 511 ,
2016 482 2101 503 anno
2125 479 2185 504 ter—

1186 516 1240 545 tio.
1259 527 1274 542 n

1255 734 1376 762 2518

1217 795 1261 822 De
1277 779 1377 823 eodem
1393 799 1519 832 negotio.
1538 799 1620 832 (Rae.
1638 801 1680 835 45,
1697 809 1722 828 6.
1745 802 1788 836 98,
1804 803 1823 829 f.
1844 804 1873 830 16
1891 810 1940 833 νο.)

1516 736 1876 775 Sainte-Marie-Majeure,
1895 742 1927 768 22
1945 751 2019 769 mars
2036 744 2113 772 1290.

1222 934 1334 963 Eidem.
1358 946 1371 961 «
1386 934 1472 964 Licet
1486 935 1541 964 tibi
1551 944 1649 973 per...
1666 936 1748 972 Quia
1759 942 1864 967 tamen
1882 944 1986 969 nostre
1996 941 2185 973 intentionis

1181 994 1246 1016 non
1263 991 1310 1016 est
1325 987 1408 1025 quod
1425 987 1459 1016 in
1475 988 1618 1026 partibus
1634 989 1709 1027 ipsis
1723 1012 1731 1026 ,
1756 999 1811 1028 pro
1834 991 2021 1029 hujusmodi
2046 995 2186 1032 negotiis

1182 1039 1236 1069 tibi
1252 1040 1446 1078 commissis,
1465 1040 1514 1070 vel
1532 1050 1642 1071 eorum
1655 1047 1797 1080 pretextu
1811 1068 1816 1080 ,
1834 1043 2012 1082 longiorem
2028 1046 2066 1076 de
2082 1052 2185 1077 cetero

1180 1101 1303 1122 moram
1322 1093 1445 1130 trahas,
1462 1103 1535 1123 cum
1552 1104 1615 1124 non
1633 1096 1838 1126 intendamus
1855 1098 1913 1127 hoc
1931 1102 2070 1138 tempore
2084 1100 2184 1130 eccle-

1180 1148 1242 1176 sias
1265 1152 1294 1176 et
1314 1156 1465 1186 personas
1488 1147 1719 1178 ecclesiasticas
1737 1150 1876 1188 partium
1905 1152 2090 1181 earumdem
2116 1162 2186 1183 am·

1179 1200 1264 1239 plius
1290 1201 1324 1230 in
1353 1201 1553 1231 decimarum
1584 1202 1782 1232 exhibitione
1806 1212 1940 1242 gravare
1968 1210 1997 1235 et
2018 1211 2184 1244 propterea

1179 1254 1314 1284 velimus
1331 1255 1369 1284 de
1386 1259 1467 1285 statu
1492 1260 1521 1285 et
1542 1256 1781 1287 conditionibus
1808 1261 1872 1287 tam
1900 1259 2038 1297 predicte
2058 1260 2181 1291 decime

1178 1317 1274 1347 quam
1290 1308 1387 1338 officii
1413 1309 1468 1338 tibi
1484 1318 1579 1347 super
1594 1310 1662 1348 ipsa
1681 1310 1860 1348 colligenda
1885 1313 2051 1342 commissi
2072 1313 2184 1351 plena-

1178 1362 1260 1390 riam
1287 1362 1513 1392 certitudinem
1540 1363 1700 1395 obtinere,
1718 1364 1904 1394 discretioni
1922 1370 1972 1395 tue
1988 1375 2042 1404 per
2057 1371 2182 1405 aposto-

1177 1414 1239 1444 lica
1255 1416 1369 1454 scripta
1385 1416 1576 1445 mandamus
1591 1421 1759 1455 quatenns,
1774 1417 1813 1446 ad
1829 1419 2064 1457 expeditionem
2079 1420 2182 1459 ipsius

1177 1469 1274 1498 officii
1290 1469 1464 1507 prudenter
1482 1469 1665 1505 intendens,
1683 1475 1838 1508 quantum
1860 1481 1913 1510 per
1930 1476 1958 1502 te
1976 1472 2025 1501 vel
2040 1473 2120 1503 alios
2142 1474 2182 1505 de

1177 1522 1259 1552 dicta
1289 1523 1431 1559 decima,
1463 1523 1576 1561 legatis
1605 1528 1635 1553 et
1670 1524 1788 1554 relictis
1815 1525 1848 1554 in
1880 1526 2058 1556 subsidium
2085 1527 2181 1557 Terre

1177 1575 1307 1612 Sancte,
1332 1576 1413 1606 votis
1443 1578 1474 1606 et
1498 1581 1642 1607 votorum
1668 1578 1959 1617 redemptionibus,
1994 1583 2181 1610 truncorum

1176 1629 1317 1659 denariis
1340 1634 1371 1659 et
1399 1630 1471 1659 aliis
1496 1630 1744 1661 obventionibus
1768 1632 2039 1671 quibuscumque,
2068 1635 2180 1672 quovis

1177 1684 1269 1713 modo
1288 1683 1336 1712 vel
1353 1684 1443 1722 jure,
1461 1684 1625 1714 occasione
1648 1684 1699 1714 vel
1720 1693 1814 1714 cansa
1832 1686 1872 1714 ad
1895 1686 2075 1716 subsidium
2098 1687 2180 1717 dicte

1177 1741 1259 1767 terre
1282 1737 1496 1776 spectantibus
1520 1738 1688 1776 recepisti,
1717 1744 1746 1768 et
1768 1748 1864 1777 penes
1887 1748 1964 1778 qnos
1990 1745 2179 1770 mercatores

1176 1790 1227 1820 vel
1248 1791 1326 1820 alios
1345 1800 1381 1821 ac
1400 1791 1473 1827 ubi,
1492 1791 1620 1829 quando
1644 1796 1674 1821 et
1697 1801 1803 1822 coram
1829 1793 1946 1831 quibus
1970 1795 2139 1832 pecuniam
2161 1803 2179 1824 a

1178 1849 1206 1874 te
1232 1849 1389 1882 receptam
1413 1844 1572 1883 deponere
1599 1845 1770 1882 curavisti,
1787 1850 1817 1875 et
1838 1851 1995 1885 quantum
2018 1847 2124 1877 adhuc
2143 1847 2181 1878 de

1176 1898 1299 1928 decima
1314 1898 1400 1937 ipsa,
1418 1897 1530 1936 legatis
1546 1903 1576 1927 et
1595 1898 1667 1928 aliis
1682 1899 1832 1929 omnibus
1855 1900 2046 1938 supradictis
2059 1923 2068 1938 ,
2094 1903 2125 1930 et
2145 1901 2179 1930 in

1176 1951 1294 1990 quibus
1309 1956 1405 1981 restat
1420 1952 1496 1981 locis
1517 1961 1572 1981 seu
1596 1953 1739 1990 partibus
1759 1953 1994 1990 colligendum,
2019 1959 2176 1993 qnantum

1175 2006 1271 2035 etiam
1294 2005 1441 2044 personis
1460 2005 1526 2035 illis
1545 2006 1662 2044 quibus
1683 2006 1847 2035 interdum
1872 2016 1966 2046 super
1992 2007 2178 2045 hujusmodi

1175 2058 1372 2089 collectionis
1403 2059 1529 2096 negotio
1554 2059 1637 2088 vices
1666 2063 1734 2088 tuas
1761 2058 1811 2088 vel
1834 2060 1867 2088 in
1896 2068 1932 2089 eo
1957 2060 2177 2090 executionem

1174 2112 1316 2151 aliquam
1352 2112 1541 2142 commisisti
1570 2112 1744 2142 exhibuisti
1777 2113 1892 2142 cotidie
1922 2122 1978 2151 pro
2008 2114 2174 2152 expensis,

1175 2166 1252 2205 quid
1271 2167 1367 2196 etiam
1384 2175 1440 2204 pro
1452 2165 1515 2195 tuis
1527 2166 1696 2196 cotidianis
1712 2166 1880 2205 stipendiis
1896 2167 2054 2205 recepisti,
2069 2175 2175 2205 quan-

1125 2232 1128 2235 ’
1174 2225 1281 2249 tumve
1297 2219 1392 2255 alias,
1409 2220 1443 2249 in
1461 2219 1578 2258 quibus
1594 2228 1649 2249 seu
1665 2224 1791 2259 propter
1811 2229 1873 2258 que
1890 2220 1923 2248 in
1941 2220 2024 2250 dicto
2047 2220 2175 2258 negotio

1173 2273 1368 2312 expendisti,
1390 2278 1574 2312 quantoque
1597 2277 1736 2311 tempore
1755 2273 1790 2302 in
1814 2273 2001 2312 hujusmodi
2021 2273 2176 2304 collectio-

1172 2328 1222 2357 nis
1237 2327 1342 2358 officio
1359 2327 1509 2357 laborasti
1524 2327 1702 2357 describere
1720 2327 1847 2357 studeas
1863 2327 2043 2366 plenariam
2057 2328 2174 2357 verita-

1173 2385 1251 2416 tem,
1268 2381 1458 2418 scripturam
1474 2380 1662 2419 hujusmodi
1677 2384 1779 2409 tecum
1803 2381 1836 2409 in
1854 2384 1908 2410 tuo
1928 2381 1967 2409 ad
1992 2389 2049 2409 nos
2070 2381 2174 2409 reditu

1171 2434 1365 2473 perlaturus,
1384 2439 1418 2463 ut
1436 2438 1497 2462 tam
1517 2442 1570 2472 per
1585 2434 1686 2472 ipsam
1704 2442 1799 2472 quam
1813 2443 1867 2472 per
1884 2437 1971 2462 tuam
1988 2433 2174 2463 relationem

1170 2488 1336 2517 informari
1348 2487 1440 2526 plene
1452 2496 1548 2524 super
1558 2487 1725 2525 premissis
1736 2487 1886 2523 omnibus
1899 2486 2070 2515 valeamus.
2080 2486 2132 2515 Sic
2145 2490 2174 2515 te

1168 2542 1202 2571 in
1218 2541 1399 2580 premissis,
1417 2540 1450 2569 in
1467 2540 1582 2579 quibus
1602 2541 1764 2577 negotium
1787 2539 1845 2569 Dei
1865 2539 2079 2577 prosequeris,
2096 2548 2169 2577 pru-

1169 2595 1281 2625 denter
1295 2598 1325 2623 et
1341 2593 1477 2623 fideliter
1489 2593 1656 2622 habiturus
1670 2593 1752 2631 quod
1770 2593 1841 2627 sibi,
1857 2593 1912 2631 qui
1927 2597 2040 2622 cuncta
2053 2591 2169 2621 discer-

1170 2649 1229 2684 nit,
1248 2652 1278 2677 et
1299 2647 1401 2682 nobis,
1429 2647 1484 2685 qui
1508 2647 1591 2676 circa
1615 2646 1674 2676 hoc
1691 2646 1891 2676 intendimus
1915 2650 2103 2684 oportunam
2122 2644 2171 2674 di-

1168 2700 1337 2739 ligentiam
1355 2699 1526 2735 adhibere,
1544 2698 1648 2728 valeas
1664 2704 1805 2729 exactam
1828 2702 1857 2728 et
1879 2699 2018 2728 debitam
2038 2697 2171 2727 reddere

1168 2753 1323 2783 rationem
1346 2754 1430 2782 acin
1447 2753 1612 2790 utriusque
1629 2752 1750 2790 judicio
1773 2760 1837 2781 non
1864 2751 1968 2781 solnm
1987 2751 2066 2780 vites
2087 2759 2170 2789 pene

1167 2806 1429 2844 confusionisque
1445 2805 1630 2835 discrimina
1653 2805 1707 2834 sed
1731 2804 2019 2835 commendationis
2040 2803 2169 2834 titulum

1168 2865 1197 2890 et
1212 2859 1428 2889 retributionis
1444 2858 1602 2897 premium
1617 2858 1797 2897 assequaris
1864 2858 1936 2888 Dat.
1954 2858 2067 2894 Rome,
2084 2857 2169 2896 apud

1167 2914 1316 2943 Sanctam
1342 2912 1477 2942 Mariam
1500 2912 1672 2951 Maiorem,
1696 2920 1725 2941 xi
1747 2911 1901 2941 kalendas
1924 2911 2053 2950 aprilis,
2079 2920 2166 2942 anno

1167 2968 1268 2997 tertio.
1289 2978 1302 2993 n
