2342 3652
922 355 1156 395 Taoisn'tME
1176 354 1333 394 ANNEE.
2116 365 2173 395 497

80 440 139 470 tori
162 438 280 468 ecclesie
303 436 337 465 de
356 435 486 471 Birstal,
504 435 698 463 Eboracensis
716 434 855 469 diocesis,
882 431 1029 469 indulget
1053 434 1086 460 ut

80 493 203 532 praeter
219 488 367 519 ecclesias
384 487 422 516 de
438 486 657 525 Thorpenhon
669 485 748 524 (sic),
761 484 993 520 KarleolensiS,
1006 488 1036 513 et
1047 483 1086 512 de

82 542 216 579 Birstal,
236 541 443 571 Eboracensis
460 539 672 574 dioecesium,
692 547 801 568 curam
822 538 1005 567 animarum
1028 536 1086 565 ha-

82 597 201 632 bentes,
219 593 514 623 archidiaconatum
531 592 570 621 de
589 591 787 629 Notingham
808 591 842 619 in
860 590 992 620 ecclesia
1008 589 1088 618 Ebo-

83 647 218 683 racemi,
232 647 286 686 qni
304 645 431 675 nullum
444 653 595 674 mansum
613 645 776 683 proprium
789 653 845 673 seu
857 643 1088 672 habitationem

83 702 178 733 habet
198 699 258 730 sibi
279 707 457 733 annexam,
482 697 570 727 licite
592 698 731 736 recipere
754 697 873 732 valeat,
898 695 1031 726 ecclesia
1051 695 1090 724 de

85 753 296 792 Thorpenhen
311 751 379 791 (sic)
395 751 484 790 prius
499 751 646 781 dimissa.

127 819 140 834 ι
159 805 336 845 Apostolice
353 805 438 835 sedis
454 805 674 842 benignitas...
691 821 729 825 —
746 803 817 832 Dat.
834 807 868 832 nt
883 810 988 840 supra.
1007 813 1021 827 »

154 978 268 1007 3⁰12

120 1041 266 1068 Gaietanis
298 1043 396 1066 contra
432 1039 546 1065 Siculos
581 1037 777 1073 pugnantibus
812 1039 927 1071 peccata
963 1037 1090 1062 remittit.

85 1090 166 1126 (Rea.
183 1089 227 1123 45,
242 1097 268 1116 c.
287 1088 347 1120 328,
367 1088 386 1114 f.
403 1087 436 1115 63
452 1094 494 1118 r⁰;
512 1086 631 1120 Por’ffl„
648 1086 756 1119 23357.)

657 975 790 1006 Orvieto,
812 975 841 1000 10
857 975 924 1000 aout
942 974 1019 1000 1290.

130 1191 298 1221 Venerabili
317 1191 412 1227 fratri
429 1212 450 1220 ..
467 1190 598 1226 episcopo
619 1193 645 1218 et
670 1189 784 1217 dilectis
801 1188 875 1224 filiis
893 1188 970 1216 clero
994 1193 1018 1216 et
1038 1195 1092 1224 po-

85 1245 156 1284 pulo
172 1244 336 1280 Gaietanis,
355 1244 382 1272 si
395 1243 475 1273 forte
491 1242 619 1277 Jacobo,
638 1246 712 1271 nato
727 1240 889 1279 quondam
906 1240 993 1269 Petri
1010 1240 1093 1277 regis

87 1300 290 1336 Aragonum,
307 1302 338 1327 et
354 1296 486 1333 Siculis,
504 1296 543 1325 ad
563 1295 773 1326 obsidendam
789 1295 949 1324 civitatem
965 1293 1094 1324 Gaieta-

87 1361 161 1382 nam
183 1350 407 1386 redeuntibus,
427 1350 551 1379 sortiter
569 1349 760 1384 restiterint,
786 1348 919 1377 eandem
938 1347 1094 1386 peccami-

87 1413 164 1435 num
187 1404 317 1434 veniam
343 1412 424 1442 quae
454 1402 728 1442 proficiscentibus
754 1401 788 1430 in
817 1401 932 1430 Terrae
961 1400 1094 1430 Sanctae

47 1496 50 1499 Ι
89 1457 265 1488 subsidium
280 1465 428 1486 concessa
444 1461 490 1486 est
506 1455 662 1493 indulget.

129 1523 143 1538 ι
163 1511 248 1541 Dum
264 1510 500 1549 persecutiones
517 1509 676 1538 validas...
696 1525 734 1530 —
753 1508 823 1537 Dat.
848 1508 931 1545 apud
956 1507 1093 1537 Urbem-

89 1569 238 1601 veterem‚
257 1573 302 1592 nn
316 1562 388 1592 idus
406 1563 544 1600 augusti,
561 1570 647 1591 anno
665 1561 767 1590 tertio.
788 1572 801 1586 n

156 1735 277 1764 30¹8

122 1798 255 1825 Facultas
262 1797 429 1824 absolvendi
437 1797 471 1823 ab
481 1795 790 1823 excommunicationis
797 1793 948 1821 sententia.
961 1794 1041 1825 (Rea.
1051 1795 1092 1821 45.

89 1857 114 1876 c.
134 1848 194 1883 329,
210 1848 230 1875 f.
247 1847 280 1874 63
297 1849 345 1880 ιο.)

646 1733 771 1763 Orvieto,
791 1733 927 1767 t5juitlet
948 1732 1022 1759 1290.

134 1951 302 1980 Venerabili
316 1950 413 1985 fratri
429 1973 447 1977 ..
463 1950 596 1986 episcopo
609 1948 745 1977 Ovetensi
759 1946 939 1976 facultatem
954 1946 1096 1976 concedit

89 2002 274 2034 absolvendi
297 2001 428 2032 clericos
451 2001 507 2039 qui
527 2001 717 2030 sententiam
737 1999 1092 2034 excommunicationis,

87 2064 142 2096 per
155 2056 257 2086 bonae
273 2055 446 2085 memoriae
461 2054 658 2090 Johannem,
672 2053 883 2083 Sabinensem
899 2053 1093 2090 episcopum,

87 2114 162 2140 tunc
178 2110 211 2139 in
228 2108 294 2138 illis
312 2109 453 2147 partibus
471 2107 629 2145 legatum,
650 2107 682 2136 in
702 2106 833 2136 clericos
851 2105 1094 2135 concubinarios

86 2163 199 2201 latam,
221 2163 418 2193 incurrerint
437 2167 468 2191 et
482 2160 689 2200 dispensandi
705 2169 778 2190 cum
797 2160 842 2189 eis
861 2169 954 2198 super
970 2160 1095 2196 irregu-

63 2257 67 2260 .
86 2216 209 2247 lai-itate
227 2217 253 2246 si
267 2225 365 2255 quam
381 2216 496 2246 exinde
509 2216 737 2245 contraxerint.

127 2281 142 2297 α
159 2270 202 2300 Ex
221 2274 309 2309 parte
325 2272 417 2299 tua...
433 2285 472 2290 —
489 2269 561 2298 Dat.
583 2268 668 2306 apud
691 2268 970 2301 Urbemveterem,
988 2266 1094 2295 idibus

85 2322 170 2362 julii,
187 2331 273 2353 anno
292 2323 392 2353 tertio.
416 2334 428 2349 »

156 2495 406 2524 31119-3025
640 2492 767 2522 Orvieto.
785 2494 818 2519 28
832 2492 926 2527 juillet
944 2491 1020 2518 1290.

120 2556 328 2592 Indulgentiae.
347 2557 430 2590 (Rae.
448 2557 496 2591 45,
513 2564 539 2583 c.
557 2556 634 2586 3292,
652 2556 672 2582 f.
690 2555 722 2582 63
740 2555 788 2589 ro.)

129 2660 280 2689 Unz'versts
303 2659 417 2688 Christi
438 2658 578 2696 fidelibus
592 2663 745 2696 presentes
767 2660 882 2687 litteras
901 2656 1091 2693 inspecturis.

90 2711 329 2751 Indulgentiam
352 2712 451 2742 unius
471 2712 551 2741 anni
572 2716 603 2741 et
622 2721 660 2741 Χι,
675 2711 800 2741 dierum
817 2710 960 2740 concedit
979 2709 1024 2738 eis
1039 2708 1095 2747 qui

89 2765 300 2796 cathedralem
317 2765 485 2795 ecclesiam
502 2765 694 2795 Ovetensem
706 2788 714 2802 ,
734 2766 768 2794 in
786 2764 942 2794 honorem
958 2762 1094 2791 salvato-

87 2819 131 2848 ris
147 2819 245 2849 nostri
269 2820 345 2850 Jesn
372 2818 492 2849 Christi
515 2822 748 2853 constructam,
771 2818 805 2847 in
827 2816 965 2854 singulis
987 2816 1095 2845 beatae

88 2871 207 2901 Mariae
224 2871 459 2907 festivitatibus,
476 2880 532 2910 per
548 2875 617 2901 octo
632 2871 699 2900 dies
714 2874 883 2909 sequentes
900 2874 929 2898 et
946 2869 979 2898 in
998 2867 1095 2897 anni·

88 2925 226 2955 versario
243 2925 294 2954 die
317 2924 528 2955 dedicationis
546 2924 689 2963 ejusdem
715 2924 866 2953 ecclesiae
883 2921 1094 2952 visitaverint.

129 2989 143 3004 ι
161 2977 249 3008 Licet
262 2978 289 3007 is
305 2978 381 3007 de...
393 2995 431 2999 —
442 2978 513 3007 Dat.
526 2977 609 3016 apud
622 2977 898 3012 Urhemveterem,
913 2985 932 3004 v
943 2973 1096 3004 kalendas

90 3031 228 3069 augusti,
248 3039 334 3061 anno
351 3031 452 3062 tertio.
472 3042 486 3057 »

230 3097 302 3125 Rae.
325 3097 448 3124 Niconas
468 3096 521 3123 IV.

1723 430 1849 461 Orvieto,
1869 431 1897 457 31
1914 431 2007 465 juillet
2027 431 2101 458 1‘290.

1209 493 1247 521 In
1267 502 1294 522 e.
1318 502 1360 523 m.
1378 493 1508 523 eisdem.
1534 493 1674 523 Eandem
1700 493 1937 530 indulgentiam
1960 493 2104 523 concedit
2129 493 2174 523 eis

1170 545 1227 583 qui
1243 545 1407 575 ecclesiam
1427 546 1533 576 Sancti
1551 546 1712 576 Eustachii
1729 545 1767 575 de
1789 545 1985 581 Fontanella,
2003 545 2174 575 Theanen-

1170 598 1214 626 sis
1230 597 1397 633 dioecesis,
1419 598 1453 627 in
1472 599 1643 628 festivitate
1664 598 1771 628 Sancti
1796 598 1959 627 Eustachii
1983 602 2013 628 et
2036 607 2089 637 per
2107 602 2176 628 octo

1171 650 1238 679 dies
1260 656 1428 689 sequentes
1454 651 1663 680 visitaverint.
1690 651 1760 680 Dat.
1786 651 1869 689 apud
1895 651 2174 685 Urbemveterem,

1172 712 1193 731 11
1211 702 1363 732 kalendas
1379 704 1516 741 augusti,
1534 713 1618 733 anno
1635 704 1736 733 tertio.

1752 782 1878 814 Orvieto,
1900 783 1926 808 11
1944 784 2012 809 aout
2028 783 2105 810 1290.

1213 845 1250 873 ln
1269 854 1297 873 e.
1321 853 1364 874 m.
1385 844 1516 873 eisdem.
1543 843 1685 873 Eandem
1704 844 1941 881 indulgentiam
1962 844 2107 874 concedit
2133 845 2178 874 eis

1173 897 1229 935 qui
1247 897 1412 926 ecclesiam
1433 897 1540 926 Sancti
1563 897 1647 925 Petri
1673 896 1803 934 apostoli
1820 897 1858 925 de
1883 896 2042 931 Canusco,
2065 897 2178 926 Tauri-

1173 950 1282 979 nensis
1299 950 1468 987 dioecesis,
1487 949 1521 978 in
1542 949 1681 985 singulis
1696 949 1839 987 ejusdem
1863 949 1894 978 S.
1917 949 2000 978 Petri
2024 950 2178 978 festivita-

1174 1003 1258 1032 tibus
1274 1007 1304 1032 et
1319 1012 1373 1040 per
1388 1008 1455 1031 octo
1470 1002 1539 1031 dies
1555 1006 1724 1039 sequentes
1742 1001 1954 1030 visitaverint.

1215 1067 1228 1081 ι
1250 1054 1321 1084 Vite
1344 1054 1526 1092 perempnis
1548 1054 1688 1091 gloria...
1708 1071 1747 1074 —
1768 1054 1837 1082 Dat.
1861 1059 1894 1082 ut
1917 1062 2026 1091 supra,
2052 1063 2086 1082 111
2106 1054 2180 1083 idus

1174 1108 1312 1146 augusti,
1329 1115 1414 1137 anno
1433 1107 1532 1136 tertio.
1560 1119 1572 1133 n

1750 1178 1881 1211 Orvieto,
1901 1180 1929 1205 11
1948 1180 2013 1205 aeut
2032 1179 2108 1206 1290.

1216 1243 1253 1272 In
1273 1251 1300 1272 e.
1323 1252 1365 1271 m.
1389 1242 1519 1271 eisdem.
1548 1241 1687 1271 Eandem
1711 1241 1946 1278 indulgentiam
1971 1242 2115 1271 concedit
2136 1242 2181 1271 eis

1176 1297 1231 1334 qui
1248 1296 1460 1325 cathedralem
1478 1295 1643 1324 ecclesiam
1664 1295 1941 1330 Maurianensem,
1967 1295 2001 1323 ιιι
2027 1294 2181 1324 honorem

1175 1350 1260 1379 beati
1281 1349 1441 1379 Johaniiis
1459 1349 1616 1387 Baptistae
1633 1353 1863 1383 constructam,
1883 1349 1915 1377 in
1939 1347 2076 1385 singulis
2096 1349 2182 1386 ejus-

1177 1403 1248 1432 dem
1266 1402 1297 1432 S.
1316 1402 1476 1432 Johannis
1492 1401 1717 1431 festivitatibus
1733 1407 1763 1429 et
1779 1409 1835 1439 per
1849 1405 1917 1431 octo
1931 1401 1999 1430 dies
2014 1405 2182 1440 sequentes

1176 1456 1386 1485 visitaverint.
1406 1456 1476 1484 Dat.
1499 1460 1652 1493 utsupra.

1756 1534 1882 1567 Orvieto,
1899 1535 1933 1561 23
1948 1536 2015 1561 aofit
2034 1535 2109 1562 1290.

1217 1599 1255 1628 In
1280 1608 1306 1627 e.
1328 1607 1370 1627 m.
1397 1598 1529 1628 eisdem.
1550 1597 1692 1627 Eandem
1715 1597 1947 1635 indulgentiam
1970 1596 2114 1626 concedit
2137 1597 2182 1626 eis

1178 1653 1232 1691 qui
1246 1651 1412 1681 ecclesiam
1431 1659 1575 1680 sororum
1591 1650 1724 1679 Sanctae
1741 1650 1876 1680 Ceciliae
1893 1650 2082 1683 Cumanam,
2100 1649 2182 1679 ordi-

1178 1706 1228 1734 nis
1247 1705 1279 1735 S.
1298 1705 1489 1742 Augustini,
1510 1706 1542 1733 in
1568 1704 1703 1741 singulis
1726 1707 1853 1732 sanctae
1876 1703 2012 1733 Ceciliae
2030 1703 2183 1732 [estivita-

1179 1759 1261 1788 tibus
1283 1764 1313 1787 et
1334 1768 1388 1797 per
1407 1763 1475 1788 octo
1498 1758 1567 1787 dies
1587 1761 1756 1795 sequentes
1781 1757 1991 1785 visitaverint.
2012 1757 2081 1785 Dat.
2100 1756 2183 1795 apud

1180 1812 1455 1848 Uibemveterem,
1473 1821 1491 1840 x
1507 1811 1660 1840 kalendas
1677 1811 1881 1849 septembris,
1898 1818 1984 1839 anno
2002 1810 2101 1839 tertio.

1759 1889 1884 1920 Ori-icto,
1903 1890 1935 1916 23
1951 1891 2019 1916 aout
2038 1889 2111 1916 1290.

1220 1956 1256 1984 In
1274 1964 1300 1985 e.
1319 1964 1362 1984 m.
1388 1954 1519 1984 eisdem.
1546 1954 1686 1983 Eandem
1712 1953 1946 1990 indulgentiam
1973 1952 2116 1982 concedit
2140 1953 2184 1981 eis

1178 2010 1234 2047 qui
1258 2008 1423 2038 ecclesiam
1442 2008 1576 2036 fratrum
1598 2007 1761 2036 minorum
1782 2006 1959 2035 Cumanam
1972 2028 1979 2041 ‚
1998 2006 2031 2034 in
2049 2004 2185 2042 singulis

1178 2062 1287 2092 beatae
1307 2062 1426 2091 Mariae
1445 2065 1475 2090 et
1497 2061 1660 2090 beatorum
1681 2059 1842 2089 Francisci
1860 2064 1889 2088 et
1911 2058 2048 2088 Antonii
2065 2059 2186 2088 festivi-

1180 2115 1295 2144 tatibus
1316 2120 1346 2144 et
1368 2124 1423 2152 per
1445 2119 1514 2143 octo
1539 2113 1607 2142 dies
1627 2116 1796 2151 sequentes
1820 2112 2031 2141 visitaverint.
2057 2111 2128 2140 Dat.
2152 2114 2186 2140 ut

1178 2177 1284 2206 supra.
1301 2168 1452 2205 (Porri-1„
1474 2166 1597 2204 23:367.)

1729 2245 1861 2278 Orvieto‚
1878 2245 1911 2271 26
1926 2244 2021 2278 juillet
2040 2243 2114 2269 1290.

1218 2312 1255 2341 In
1273 2320 1301 2340 e.
1319 2319 1362 2339 m.
1386 2309 1519 2339 eisdem.
1546 2309 1688 2338 Eandem
1711 2308 1945 2345 indulgentiam
1972 2306 2116 2336 concedit
2140 2306 2186 2335 eis

1177 2366 1231 2404 qui
1248 2364 1414 2394 ecclesiam
1432 2363 1540 2393 Sancti
1558 2363 1711 2392 Germani
1733 2361 1996 2391 Altisiodorensis
2022 2360 2184 2389 Parisien-

1177 2427 1243 2447 sem
1260 2418 1293 2446 in
1311 2422 1491 2446 sanctorum
1508 2416 1676 2445 Landerici
1690 2420 1720 2444 et
1736 2415 1881 2451 Ulli-ani,
1900 2422 2037 2452 quorum
2054 2421 2185 2451 corpora

1176 2472 1210 2501 in
1229 2480 1265 2500 ea
1280 2471 1502 2509 requiescunt,
1521 2469 1675 2499 Germani
1697 2473 1727 2498 et
1751 2468 1930 2504 Vincentii,
1956 2475 2091 2505 quorum
2107 2466 2186 2494 festa

1176 2526 1210 2554 in
1228 2525 1337 2554 eadem
1354 2523 1487 2553 ecclesia
1501 2522 1720 2561 sollempniter
1734 2521 1947 2557 celebrantur,
1962 2519 2185 2549 festivitatibus

1177 2582 1208 2607 et
1234 2587 1288 2615 per
1312 2581 1380 2606 octo
1404 2576 1472 2605 dies
1499 2580 1668 2614 sequentes
1692 2574 1906 2604 visitaverint.
1930 2574 2002 2602 Dat.
2020 2572 2104 2610 apud
2124 2571 2185 2601 Ur-

1176 2632 1408 2666 bemveterem,
1431 2639 1476 2658 vn
1494 2629 1646 2658 kalendas
1664 2629 1791 2666 augusti
1804 2626 1813 2664 ,⁷
1827 2636 1912 2657 anno
1930 2627 2035 2656 tertio.

1249 2802 1368 2831 302ss

1213 2865 1365 2899 Exemptio
1381 2864 1518 2890 decimae.
1537 2862 1620 2895 (Rea.
1639 2862 1686 2893 45,
1704 2869 1730 2887 c.
1749 2861 1808 2891 330,
1826 2861 1845 2887 f.
1865 2860 1898 2887 63
1916 2861 1967 2892 vo.)

1543 2799 1903 2833 Sainte-Marie-MaJ'eure,
1922 2799 1937 2825 6
1953 2799 2019 2824 aosit
2038 2797 2114 2824 1290.

1226 2967 1392 2996 Venerabili
1409 2965 1502 3002 fratri
1516 2965 1561 2999 B„
1579 2965 1710 3002 episcopo
1732 2963 1917 2998 Penestrino‚
1936 2962 2096 3000 apostolice
2109 2961 2188 2990 sedis

1181 3023 1292 3059 legato,
1310 3019 1441 3048 mandat
1462 3021 1619 3056 quatenus
1634 3017 1790 3046 decimam
1813 3014 2101 3045 ecclesiasticorum
2117 3022 2185 3052 pro-

1996 3081 2028 3108 63
