2342 3652
907 373 1139 413 TRoismME
1160 374 1317 414 ANNrin.

71 455 124 482 tur
151 451 299 481 oneribus
329 449 527 485 debitorum,
559 458 634 486 nos,
658 448 799 478 volentes
821 458 916 487 super
940 449 999 478 hoc
1031 448 1070 478 de

70 508 225 544 oportuno
252 503 471 533 subventionis
502 501 621 531 auxilio
656 502 840 540 providere,
875 501 1071 540 percipiendi

71 558 209 594 fructus,
234 555 376 585 redditus
392 559 422 584 et
444 559 615 593 proventus
637 555 732 593 primi
755 555 835 585 anni
858 555 1005 585 omnium
1023 555 1071 584 di-

71 611 229 649 gnitatum
240 632 247 645 ‚
263 611 491 647 personatuum
502 631 509 643 ,
529 607 736 637 ecclesiarum
752 612 783 637 et
797 607 933 637 aliorum
950 608 1070 637 benefi-

71 663 194 694 ciorum
210 660 507 697 ecclesiasticorum,
525 661 619 689 etiam
637 661 662 690 si
678 669 787 690 curam
799 660 937 690 habeant
953 661 1072 689 anima-

73 724 160 752 rum,
183 714 224 745 ad
251 713 454 743 collationem
487 712 536 742 vel
561 713 826 752 presentationem
855 718 1072 751 exemptorum

74 767 209 798 minime
223 766 471 809 pertinentium,
488 774 549 804 que
565 766 599 794 in
616 765 814 795 Virdunensi
830 765 976 800 ecclesia,
995 766 1072 795 civi-

75 824 136 850 tate
150 827 186 849 ac
197 818 316 849 diocesi
327 822 400 848 tunc
410 822 568 854 vacarent,
582 817 631 847 vel
644 827 679 847 ex
694 823 768 847 tunc
784 827 883 856 usque
896 818 1073 847 triennium

75 880 184 904 vacare
199 871 414 909 contingeret,
431 870 465 899 in
484 869 675 900 solutionem
695 870 873 899 debitorum
889 870 1074 908 hujusmodi

74 924 318 960 convertendos,
336 923 413 960 tibi,
432 924 514 953 sicut
534 923 668 959 asseris,
692 932 745 960 per
766 927 889 952 nostras
909 923 968 952 sub
991 928 1076 953 certa

73 978 174 1009 forma
187 976 308 1007 litteras
323 976 542 1006 concessimus
556 975 752 1012 facultatem3
766 985 878 1005 verum
895 976 981 1014 quia,
995 977 1076 1006 sicut

74 1031 200 1068 dicitur,
219 1030 255 1060 in
273 1029 436 1068 aliquibus
451 1029 594 1059 ecclesiis
610 1029 796 1058 earumdem
814 1029 950 1059 civitatis
966 1034 995 1059 et
1013 1030 1076 1060 dio-

35 1085 38 1089 '
73 1085 152 1116 cesis
185 1093 223 1114 ex
251 1088 368 1113 statuto
396 1080 456 1113 vel
473 1084 605 1121 antiqua
633 1083 864 1112 consuetudine
892 1083 1077 1113 observatur

74 1137 157 1177 quod
173 1136 294 1167 fructus
310 1136 408 1175 primi
422 1137 511 1172 anni,
527 1140 557 1165 et
570 1135 733 1165 interdum
751 1136 896 1172 secundi,
910 1145 945 1165 ac
961 1136 1076 1166 deinde

73 1189 208 1229 alicujus
228 1189 358 1219 alterius
381 1189 476 1225 anui,
493 1193 548 1218 aut
567 1188 774 1219 ecclesiarum
791 1190 931 1228 ipsarum
951 1189 1000 1218 vel
1017 1189 1076 1219 ali-

73 1251 209 1282 quarum
239 1250 447 1280 personarum
476 1241 762 1271 ecclesiasticarum
790 1250 826 1270 ex
848 1242 943 1272 certis
971 1242 1076 1272 causis

74 1299 150 1326 sunt
165 1294 275 1325 usibus
293 1295 449 1333 deputati,
464 1299 520 1329 tu,
540 1303 596 1332 pro
612 1303 647 1324 eo
671 1295 754 1333 quod
775 1295 809 1323 in
831 1296 981 1334 predictis
998 1305 1076 1327 con-

73 1347 226 1379 cessionis
243 1352 349 1378 nostre
364 1347 479 1377 litteris
495 1348 676 1386 expressius
692 1348 874 1378 continetur
890 1354 924 1379 ut
942 1350 1074 1387 fructus,

73 1401 217 1432 redditus
233 1405 264 1431 et
280 1405 453 1440 proventus
472 1401 566 1440 primi
590 1401 669 1430 anni
694 1401 879 1440 hujusmodi
903 1402 1076 1433 beneficio-

73 1463 147 1485 rum
169 1455 213 1484 sic
236 1455 418 1496 vacantium
444 1455 604 1493 percipere
622 1455 734 1484 debeas
750 1460 780 1484 et
797 1455 932 1491 habere,
950 1455 1076 1485 dubitas

77 1507 133 1538 tihi
157 1509 240 1538 circa
260 1507 432 1546 predictam
451 1508 586 1546 gratiam
607 1507 665 1537 tibi
684 1508 798 1537 factam
822 1508 998 1538 molestiam
1020 1518 1075 1539 seu

75 1561 287 1592 turbationem
309 1561 451 1600 aliquam
474 1561 624 1599 irrogari,
642 1570 736 1599 super
752 1570 814 1600 quo
830 1563 991 1600 precaveri
1006 1571 1075 1592 mo-

73 1614 175 1645 lestiis
191 1624 253 1653 que
267 1615 307 1645 ob
322 1615 354 1644 id
379 1615 549 1653 provenire
573 1619 700 1653 possent
725 1624 777 1653 per
799 1615 965 1654 apostolice
991 1616 1075 1645 sedis

72 1668 206 1707 gratiam
222 1667 409 1707 suppliciter
423 1668 601 1707 postuslati.
617 1669 683 1698 Nos
696 1669 813 1707 itaque,
834 1669 976 1699 volentes
991 1670 1075 1708 quod

71 1721 214 1762 predicta
229 1723 331 1760 gratia
346 1722 405 1752 tibi
422 1711 581 1752 fructuosa
607 1722 755 1752 reddatur
778 1727 807 1751 et
829 1731 957 1752 omnem
976 1724 1074 1753 ambi-

73 1775 204 1814 guitatis
222 1776 388 1806 materiam
405 1776 609 1811 submovere,
630 1776 691 1806 tuis
714 1776 1000 1814 supplicationibus
1022 1778 1074 1806 in-

73 1828 199 1863 clinati,
216 1829 300 1868 quod
315 1829 485 1864 fructibus,
504 1829 680 1858 redditibus
699 1833 729 1858 et
751 1829 955 1867 proventibus
975 1830 1074 1859 bene·

71 1882 233 1920 ficiorum,
276 1887 504 1921 personatuum
543 1886 572 1912 et
608 1882 800 1920 dignitatum
834 1883 866 1911 iu
900 1883 1014 1921 majori
1045 1888 1075 1912 et

72 1935 207 1966 aliarum
223 1935 430 1966 ecclesiarum
447 1935 661 1974 predictarum
681 1936 881 1972 vacantium,
895 1936 986 1974 juxta
1001 1936 1074 1966 illa-

71 1998 142 2019 rum
161 1991 366 2028 prescriptam
388 1989 653 2019 consuetudinem
670 1989 720 2018 vel
738 1993 868 2025 statuta,
887 1990 952 2018 sive
975 1989 1074 2019 eccle-

71 2041 128 2072 siis
143 2046 197 2072 aut
211 2043 356 2081 personis
371 2042 533 2081 aliquibus
550 2042 770 2072 ecclesiasticis
795 2043 834 2072 ad
856 2030 917 2080 que
933 2047 1075 2081 spectant

71 2095 246 2125 successive
272 2095 424 2134 primitus
451 2095 637 2133 persolutis,
668 2100 698 2125 tu
724 2105 760 2125 ex
786 2100 861 2125 tunc
890 2096 1074 2126 immediate

69 2147 206 2184 fructus,
224 2148 366 2178 redditus
380 2153 410 2177 et
432 2154 603 2187 proventus
620 2149 811 2186 dignitatum
824 2173 830 2185 ,
846 2153 1073 2187 personatuum

70 2205 101 2231 et
121 2201 350 2231 beneficiorum
375 2202 559 2231 eorumdem
586 2210 642 2240 pro
661 2211 745 2231 anno
771 2202 827 2231 tibi
850 2211 867 2230 a
890 2202 979 2232 nobis
995 2211 1072 2232 con-

69 2262 156 2284 cesso
179 2264 234 2293 per
251 2254 336 2284 idem
362 2255 538 2285 triennium
561 2256 684 2293 integre
710 2255 799 2294 juxta
821 2255 922 2294 ipsius
944 2264 1072 2285 conces-

67 2307 166 2339 sionis
183 2313 326 2338 tenorem
338 2308 500 2347 percipere
514 2309 624 2346 possis,
639 2308 673 2337 in
687 2308 877 2338 solutionem
893 2308 1072 2338 debitorum

69 2360 228 2400 ipsorum,
247 2366 281 2391 ut
307 2362 518 2401 premittitur,
543 2362 789 2392 convertendos,
810 2362 998 2391 fraternitati
1022 2367 1073 2391 tue

62 2414 252 2451 ‚auctoritate
285 2415 483 2453 presentium
516 2414 735 2452 indulgemus.
767 2415 858 2444 Nulli
886 2423 960 2452 ergo
991 2419 1070 2451 etc.‚

67 2471 173 2497 nostre
205 2468 420 2498 concessionis
453 2472 539 2498 etc...
573 2468 644 2498 Dat.
676 2469 761 2507 apud
792 2469 1069 2505 Urbemveterem‚

68 2518 214 2551 kalendis
226 2521 317 2561 julii,
335 2530 420 2561 anno
438 2522 540 2552 tertio.
560 2534 573 2548 n

139 2679 260 2708 asos
306 2664 314 2671 ’

103 2739 146 2767 De
160 2742 303 2768 solutione
318 2741 493 2769 decimarum
511 2743 545 2769 ad
566 2744 714 2778 negotium
730 2743 902 2778 Aragoniae.
925 2743 1008 2777 (Rae.
1027 2744 1070 2776 45,

67 2796 94 2817 ο.
109 2789 172 2823 239,
189 2790 206 2816 f.
225 2790 258 2816 43
274 2794 323 2819 vo.)

650 2679 776 2712 Orvieto‚
796 2681 903 2715 13juiu
922 2680 999 2707 1290.

69 2922 73 2927 ,
113 2891 280 2921 Venerabili
299 2893 394 2928 fratri
419 2915 438 2921 ..
464 2893 596 2930 episcopo
618 2899 644 2922 ec
661 2893 777 2922 dilectis
790 2894 865 2930 filiis
884 2917 904 2924 ..
926 2894 1071 2931 primice-

67 2945 126 2980 rio,
147 2967 166 2974 ..
181 2946 289 2975 decano
305 2950 330 2974 et
348 2947 480 2983 capitulo
498 2955 532 2975 ac
547 2948 624 2975 clero
640 2948 774 2976 civitatis
790 2954 814 2976 el
831 2948 952 2977 dz‘ocesz's
965 2948 1071 2976 Mecen-

67 2997 120 3026 sis.
139 3009 153 3024 α
169 2997 352 3027 Devotionis
367 3001 468 3028 vestre
484 2998 630 3036 precibus
644 2998 804 3035 inclinati,
818 3004 850 3029 ut
868 3008 921 3037 pro
937 3008 973 3029 eo
989 2999 1071 3038 quod

68 3057 125 3080 vos
147 3050 187 3080 ad
206 3050 395 3081 solvendum
412 3050 570 3081 decimam
586 3059 642 3090 pro
658 3053 784 3089 negotio
802 3052 893 3090 regni
910 3052 1072 3090 Aragonie
1108 3045 1109 3055 ¹

2098 390 2153 420 467

1154 457 1225 478 cum
1243 449 1326 480 clero
1340 452 1432 488 regni
1444 452 1578 482 Francie
1594 462 1648 491 per
1661 453 1781 482 litteras
1791 457 1915 483 nostras
1931 455 2155 486 mandavimus

1153 503 1303 537 coartari,
1323 503 1447 533 nullum
1464 506 1551 535 vobis
1567 506 1601 534 in
1619 511 1778 544 posterum
1795 507 2005 545 prejudicium
2022 517 2153 546 genere-

1155 558 1222 591 tur,
1239 556 1406 594 qrmdque,
1424 557 1450 586 si
1467 558 1504 587 de
1522 562 1624 589 cetero
1649 559 1788 588 decimas
1808 559 1855 589 vel
1871 559 1932 589 alia
1954 570 2156 601 quecumque

1154 615 1251 636 onera
1268 607 1352 639 clero
1368 610 1458 646 regni
1475 610 1607 641 Francie
1624 621 1677 650 per
1690 612 1797 642 sedem
1816 613 2017 651 apostolicam
2033 615 2157 644 contin-

1155 664 1208 696 gat
1223 660 1363 698 imponi.
1382 672 1416 691 ea
1433 672 1504 692 cum
1526 664 1609 694 clero
1633 665 1699 703 ipso
1722 665 1841 694 solvere
1865 665 1914 695 vel
1936 667 2073 705 perferre
2093 668 2156 697 mi-

1155 711 1243 741 nime
1267 715 1443 744 teneamini
1467 725 1524 745 nec
1544 716 1582 745 ad
1606 717 1637 746 id
1654 718 1801 755 compelli
1819 719 1944 756 possitis
1964 729 2017 757 per
2037 719 2156 750 litteras

1155 765 1340 803 apostolicas
1359 776 1420 805 que
1437 768 1474 797 de
1489 769 1613 799 indulto
1630 769 1813 807 hujusmodi
1832 770 1956 809 plenam
1977 777 2006 801 et
2028 782 2155 811 expres·

1156 827 1223 847 sam
1247 827 1283 847 ac
1311 819 1348 848 de
1373 820 1468 849 verbo
1491 821 1530 849 ad
1557 821 1687 850 verbum
1714 831 1775 850 non
1803 823 1935 852 fecerint
1960 825 2156 854 mentionem

1156 871 1341 901 auctoritate
1357 873 1444 901 vobis
1462 874 1658 911 presentium
1673 874 1889 912 indulgemus.
1903 876 1992 905 Nulli
2008 886 2081 914 ergo
2096 882 2154 907 etc.

1157 929 1263 953 nostre
1284 925 1498 955 concessionis
1522 931 1579 955 etc.
1599 926 1670 956 Dat.
1690 927 1772 965 apud
1798 927 2055 958 Urhemveterem
2071 953 2076 965 ‚
2095 930 2158 958 idi-

1156 975 1215 1005 bus
1228 976 1330 1014 junii,
1349 986 1435 1007 anno
1454 978 1556 1008 tertio.
1577 990 1591 1004 »

1229 1175 1484 1205 2802-2814
1731 1175 1862 1207 Orvieto,
1881 1177 1912 1203 22
1926 1178 1991 1211 juin
2010 1178 2088 1205 1290.

1192 1238 1400 1273 Indulgentiae.
1417 1239 1499 1272 (Rau.
1517 1239 1560 1273 45,
1577 1247 1602 1266 c.
1618 1239 1685 1271 ⁴240,
1703 1240 1722 1266 f.
1741 1240 1773 1266 43
1791 1239 1841 1272 v0.)

1201 1341 1355 1371 Universis
1376 1342 1490 1371 Christi
1511 1342 1648 1378 fidelibus
1668 1347 1818 1379 presentes
1841 1342 1955 1371 litteras
1970 1343 2159 1379 inspecturis.

1158 1393 1399 1432 Iudulgentiam
1417 1394 1515 1424 unius
1532 1395 1610 1423 anni
1627 1399 1656 1423 et
1671 1404 1709 1424 n.
1726 1394 1849 1424 dierum
1876 1395 2019 1424 concedit
2042 1396 2087 1424 eis
2105 1396 2162 1434 qui

1159 1447 1324 1477 ecclesiam
1347 1449 1534 1477 monasterii
1553 1448 1660 1478 Sancti
1676 1448 1796 1483 Quirici
1819 1448 1852 1477 in
1869 1447 2051 1478 Mouticello
2067 1458 2162 1487 prope

1158 1501 1317 1530 civitatem
1335 1501 1514 1535 Lucanam,
1531 1501 1564 1530 in
1585 1501 1661 1531 festo
1678 1505 1859 1530 sanctorum
1875 1501 1997 1537 Quirici
2019 1506 2048 1531 et
2062 1502 2161 1531 Julit-

1159 1559 1223 1589 tae,
1241 1554 1275 1583 in
1295 1563 1432 1592 quorum
1451 1553 1605 1584 honorem
1628 1553 1760 1584 ecclesia
1780 1558 1958 1584 constructa
1979 1559 2041 1588 est,
2060 1559 2089 1583 et
2106 1563 2161 1593 per

1158 1611 1225 1637 octo
1243 1607 1310 1636 dies
1328 1607 1443 1636 festum
1469 1607 1575 1645 ipsum
1599 1606 1784 1636 immediate
1805 1611 1990 1645 sequenteS,
2009 1607 2160 1637 visitave-

1158 1662 1232 1690 rint.

1200 1703 1304 1744 «⁴'Vite
1317 1714 1500 1753 perempnis
1512 1714 1649 1752 gloria...
1660 1730 1698 1734 —
1708 1714 1778 1743 Dat.
1791 1713 1872 1752 apud
1885 1713 2161 1750 Urbemveterem,

1157 1778 1176 1797 x
1190 1767 1342 1798 kalendas
1354 1767 1448 1806 julii,
1466 1776 1550 1797 anno
1568 1768 1672 1797 tertio.
1694 1779 1708 1793 »

1729 1846 1856 1880 Orvieto,
1873 1846 1887 1872 4
1901 1846 1995 1880 juillet
2014 1846 2090 1872 1290.

1197 1912 1234 1941 In
1252 1920 1279 1940 e.
1299 1920 1343 1940 m.
1371 1910 1485 1939 eidem.
1510 1909 1654 1939 Eandem
1678 1909 1916 1946 indulgentiam
1944 1909 2089 1938 coneedit
2114 1909 2161 1938 eis

1156 1965 1212 2003 qui
1230 1964 1395 1993 ecclesiam
1414 1964 1528 1992 Beatae
1544 1963 1662 1991 Mariae
1684 1961 1914 1999 Nigellensem‚
1932 1962 2159 1991 Noviomensis

1157 2018 1327 2053 dioecesis,
1349 2018 1382 2046 in
1400 2017 1432 2047 S.
1449 2017 1610 2047 Johannis
1626 2015 1847 2053 Evangelistae
1865 2019 1895 2044 et
1917 2020 2043 2045 sanctae
2060 2016 2159 2045 Gem-

1157 2081 1227 2101 mae
1243 2072 1379 2109 virginis
1394 2070 1636 2107 festivitatibus,
1663 2074 1693 2099 et
1715 2079 1770 2108 per
1794 2074 1861 2099 octo
1886 2069 1951 2098 dies
1975 2069 2161 2098 festivitates

1155 2125 1238 2162 ipsas
1263 2123 1446 2153 immediate
1472 2127 1654 2161 sequentes,
1674 2122 1884 2152 visitaverint.
1903 2122 1973 2150 Dat.
1994 2121 2076 2159 apud
2099 2121 2161 2152 Ur-

1155 2178 1383 2212 bemveterem,
1403 2185 1449 2205 1111
1467 2175 1664 2214 nonasjulii,
1682 2183 1768 2204 anno
1787 2175 1890 2205 tertio.

1732 2255 1857 2288 Orvieto,
1875 2256 1888 2280 7
1902 2255 1993 2289 juillet
2011 2254 2087 2280 1290.

1195 2321 1234 2350 In
1252 2331 1279 2350 e.
1298 2330 1341 2350 m.
1362 2320 1493 2349 eisdem.
1522 2318 1664 2349 Eandem
1689 2317 1925 2355 indulgentiam
1949 2315 2094 2346 concedit
2117 2315 2162 2344 eis

1155 2376 1209 2414 qui
1226 2374 1390 2404 ecclesiam
1409 2373 1523 2402 Beatae
1541 2371 1660 2400 Mariae
1677 2371 1715 2400 de
1736 2370 1958 2403 Claromonte‚
1980 2368 2156 2397 Belvaceu·

1154 2429 1197 2457 sis
1212 2427 1376 2464 dioecesis,
1393 2426 1427 2455 in
1445 2425 1693 2459 Purificatiouis,
1707 2423 1987 2458 Annuntiationis,
2004 2423 2159 2458 Assump-

1155 2481 1250 2511 tionis
1272 2486 1302 2510 et
1317 2479 1498 2509 Nativitatis
1518 2478 1626 2507 beatae
1644 2477 1781 2512 Mariae,
1799 2481 1828 2505 et
1844 2476 1875 2505 S.
1894 2474 2056 2512 Arnulphi
2074 2482 2160 2502 mar-

1154 2534 1235 2573 tyris
1263 2532 1508 2567 festivitatibus,
1532 2535 1562 2560 et
1588 2539 1642 2568 per
1669 2536 1738 2560 octo
1764 2522 1833 2558 dies
1857 2528 2042 2558 festivitates
2072 2526 2157 2564 ipsas

1153 2586 1338 2617 immediate
1357 2589 1525 2623 sequentes
1538 2608 1545 2620 ,
1560 2583 1775 2612 visitaverint.
1818 2620 1821 2622 ‚

1199 2652 1211 2666 ι
1228 2640 1325 2677 Virga
1345 2637 1571 2667 venustissima
1593 2641 1661 2666 et...
1687 2652 1724 2657 —
1751 2636 1820 2664 Dat.
1842 2634 1926 2672 apud
1948 2633 2157 2663 Urbemvete-

1154 2702 1242 2729 rem,
1261 2693 1355 2722 nonis
1370 2690 1463 2730 julii,
1487 2698 1572 2719 anno
1590 2689 1691 2718 tertio.
1713 2700 1726 2715 n

1701 2768 1826 2800 Orvieto,
1846 2768 1884 2793 1η
1896 2766 1990 2801 juillet
2006 2764 2084 2792 1290.

1193 2837 1231 2866 In
1247 2844 1274 2865 e.
1294 2844 1338 2865 m.
1361 2833 1491 2863 eisdem.
1514 2832 1656 2861 Eandem
1678 2829 1917 2867 indulgentiam
1943 2827 2089 2858 concedit
2111 2826 2158 2856 eis

1152 2890 1207 2929 qui
1225 2888 1390 2918 ecclesiam
1408 2886 1541 2916 Sanctae
1559 2884 1677 2913 Mariae
1693 2883 1730 2912 de
1747 2883 1876 2920 Spineto
1891 2906 1898 2918 ‚
1917 2880 2159 2910 Cameracensis

1152 2942 1324 2975 dioecesis,
1351 2941 1385 2969 in
1408 2938 1663 2971 Purificafionis,
1690 2935 1972 2969 Annunttatiouis,
1997 2935 2158 2971 Assump-

1153 2997 1248 3026 tionis
1265 2998 1294 3024 et
1310 2992 1490 3024 Nativitatis
1509 2992 1617 3021 beatae
1634 2989 1754 3019 Mariae
1771 2988 1992 3019 festivitatibus
2008 2987 2160 3016 visitave-

1153 3051 1230 3080 rint.
