2477 3637
310 430 364 459 196
1053 428 1289 459 REGISTRES
1313 428 1367 458 DE
1390 427 1574 458 NICOLAS
1597 427 1652 457 IV.

306 496 448 535 partibus
463 496 496 525 in
514 495 659 524 hereseos
675 494 812 523 crimine
821 494 1018 523 commisisse
1034 494 1221 531 constiterit,
1235 494 1309 524 licet

304 549 342 578 ad
365 549 444 578 alias
468 553 570 586 partes
597 556 630 576 se
656 546 893 576 transferendos
908 546 1071 584 duxerint,
1098 548 1307 586 procedendi3

305 610 426 631 necnon
447 601 580 630 faciendi
594 600 681 629 vobis
695 599 792 629 libros
808 608 861 629 seu
880 605 1050 638 quaternos
1064 601 1164 630 etalia
1180 602 1306 640 scripta,

304 655 336 684 in
368 654 481 692 quibus
512 653 737 691 inquisitiones
766 652 845 682 facte
873 658 903 682 et
933 662 1096 691 processus
1126 663 1180 692 per
1210 663 1306 692 quos-

303 716 438 745 cumque
461 706 645 736 auctoritate
673 706 756 735 sedis
782 706 952 744 apostolice
972 706 1020 736 vel
1045 706 1218 745 legatorum
1239 707 1307 746 ejus

303 759 399 789 habiti
425 764 533 788 contra
561 758 715 788 hereticos
738 759 952 796 continentur,
977 768 994 788 a
1015 759 1305 798 quibuslibetassi-

301 814 390 849 gnari
404 837 410 847 ,
431 817 459 841 ·=t
475 813 635 842 observari
653 813 760 842 omnia
779 817 911 844 statuta.
933 818 993 842 tam
1014 823 1068 852 per
1087 814 1194 843 sedem
1213 822 1306 852 apos-

302 866 425 896 tolicam
454 876 547 905 quam
592 866 624 895 in
657 866 802 896 conciliis
842 866 1018 904 legatorum
1051 868 1193 906 ejusdem
1224 868 1307 898 sedis

303 920 430 959 provide
447 920 545 957 edita,
565 929 627 958 que
646 920 806 957 negotium
834 920 906 950 fidei
925 924 1054 958 tangere
1071 921 1305 959 dinoscuntur,

302 974 382 1002 sicut
415 974 602 1012 promotioni
631 974 750 1011 negotii
777 979 804 1003 et
830 974 1084 1011 augmentationi
1115 974 1187 1003 fidei
1214 974 1308 1004 suerit

301 1032 509 1065 oportunum,
529 1026 675 1065 privandi
694 1031 846 1065 preterea,
864 1027 902 1056 de
918 1027 1174 1063 diocesanornm,
1189 1027 1248 1063 vel,
1262 1028 1306 1057 eis

302 1079 497 1116 absentibus,
507 1080 696 1109 vicariorum
708 1088 837 1110 suorum
849 1080 993 1116 consilio,
1005 1081 1157 1110 hereticos
1165 1081 1303 1115 eosdem,

302 1133 476 1165 credentes,
497 1138 703 1172 receptatores
724 1138 753 1162 et
767 1133 968 1170 defensores,
986 1142 1162 1172 eorumque
1178 1134 1258 1163 filios
1277 1139 1308 1163 et

303 1190 431 1224 nepotes
455 1186 695 1224 personatibus,
730 1186 941 1223 dignitatibus
967 1191 996 1215 et
1020 1187 1182 1216 beneficiis
1206 1186 1305 1216 eccle-

302 1239 436 1268 siasticis
453 1244 479 1267 et
498 1239 612 1269 otttciis
625 1239 773 1277 publicis,
790 1249 824 1269 ac
843 1239 1016 1269 honoribus
1030 1240 1303 1278 quibuscumque3

302 1301 426 1321 necnon
447 1292 602 1327 largiendi
621 1292 738 1328 viginti
755 1292 803 1321 vel
818 1292 1030 1330 quadraginta
1049 1293 1176 1322 dierum
1197 1293 1306 1322 indul-

300 1345 454 1381 gentiam,
473 1346 619 1382 quotiens
637 1350 829 1383 oportunum
843 1346 996 1380 videritis,
1007 1346 1156 1375 omnibus
1170 1355 1243 1376 vere
1253 1356 1305 1384 pe-

300 1398 475 1426 nitentibus
502 1403 531 1426 et
561 1399 714 1427 confessis
748 1399 801 1436 qui
830 1399 868 1427 ad
889 1403 1025 1428 vestram
1045 1400 1306 1429 convocationem

300 1456 423 1488 propter
440 1450 497 1479 lioc
515 1451 690 1479 taciendam
709 1452 911 1485 accesserint,
932 1452 1023 1490 plena
1043 1453 1082 1481 sit
1100 1453 1186 1482 vobis
1198 1458 1228 1482 et
1243 1453 1307 1482 sin-

299 1503 382 1540 gulis
409 1509 549 1532 vestrum
568 1505 763 1541 presentium
784 1509 892 1534 tenore
908 1505 1050 1535 facultas.
1072 1506 1166 1536 Vobis
1185 1511 1305 1544 autem,

299 1565 354 1594 pro
379 1556 561 1593 hujusmodi
588 1557 714 1593 negotio
739 1556 972 1593 laborantibus,
994 1558 1082 1588 illam
1108 1564 1306 1598 peccatorum

300 1609 425 1638 veniam
444 1609 648 1647 indulgemus
667 1620 728 1648 que
745 1612 1005 1640 succurrentibus
1028 1613 1123 1642 Terre
1141 1614 1255 1643 Sancte
1270 1613 1306 1642 in

299 1662 441 1700 generali
461 1663 596 1693 concilio
611 1668 656 1693 est
672 1672 830 1693 concessa.
849 1664 950 1694 Sociis
972 1674 1045 1695 vero
1067 1666 1218 1696 fratribus
1241 1676 1306 1696 ves-

299 1716 340 1745 tri
365 1716 490 1746 ordinis
507 1722 537 1746 et
554 1718 686 1747 notariis
703 1718 828 1753 vestris,
847 1719 900 1756 qui
918 1727 981 1748 una
1001 1720 1162 1749 vobiscum
1181 1721 1213 1749 iu
1233 1729 1306 1758 pro-

300 1771 461 1799 secutione
478 1770 662 1807 hujusmodi
681 1771 798 1808 negotii
821 1770 1021 1809 laborabunt,
1040 1777 1069 1802 et
1083 1773 1234 1803 omnibus
1250 1774 1307 1812 qui

300 1823 508 1861 personaliter
526 1824 613 1853 vobis
629 1825 792 1854 astiterint
809 1825 842 1854 in
861 1826 970 1855 eodem
988 1827 1124 1863 negotio,
1143 1831 1173 1856 et
1194 1827 1249 1866 qui
1268 1828 1306 1857 ad

301 1878 561 1915 impugnandum
583 1878 757 1915 hereticos,
782 1879 933 1915 fautores,
959 1884 1183 1918 receptatores,
1204 1886 1234 1911 et
1252 1882 1306 1911 de-

301 1930 442 1960 fensores
468 1939 576 1960 eorum
601 1939 728 1970 quoquo
749 1932 842 1962 modo
863 1941 897 1962 ex
918 1934 1025 1964 animo
1049 1935 1134 1964 vobis
1158 1935 1306 1973 prestite-

300 1984 367 2013 rint
388 1984 578 2019 consilium,
598 1985 753 2014 auxilium
771 1985 818 2014 vel
838 1986 992 2022 favorem,
1016 1987 1054 2016 de
1076 1988 1306 2027 omnipotentis

302 2037 359 2066 Dei
376 2037 595 2067 misericordia
608 2043 637 2067 et
654 2038 815 2068 beatorum
829 2039 914 2068 Petri
931 2044 960 2069 et
972 2040 1076 2077 l'auli,
1092 2041 1305 2080 apostolorum

300 2091 379 2127 ejus,
398 2091 582 2120 anctoritate
594 2092 718 2128 confisi,
738 2096 798 2121 tres
815 2097 915 2122 annos
932 2094 969 2122 de
983 2094 1134 2131 injunctis
1150 2095 1308 2134 sibipeni-

302 2144 408 2173 tentiis
426 2144 615 2175 relaxamus.
636 2146 673 2174 Et
689 2145 823 2184 siquiex
842 2146 942 2175 liiisin
959 2148 1175 2184 prosecutione
1193 2141 1306 2187 liutius-

301 2197 384 2227 modi
402 2198 606 2234 negotiisorte
623 2198 828 2233 decesserint,
841 2201 1092 2238 eispcccatorum
1107 2202 1253 2231 omnium
1268 2202 1306 2232 de

300 2251 416 2289 quibus
433 2251 524 2280 corde
541 2253 665 2281 contriti
694 2258 724 2281 et
745 2261 798 2282 ore
817 2255 951 2283 confessi
974 2255 1091 2284 suerint
1107 2255 1233 2293 plenam
1257 2266 1307 2287 ve-

301 2304 388 2332 niam
409 2304 627 2339 indulgemus.
641 2304 1033 2344 Compescendipreterca,
1054 2309 1229 2339 monitione
1239 2318 1306 2349 pre-

301 2358 409 2387 missa.
430 2366 483 2396 per
498 2366 666 2387 censuram
685 2359 944 2395 ecclesiasticam,
960 2361 1170 2399 appellatione
1184 2367 1307 2401 postpo-

301 2411 372 2447 sita,
388 2411 600 2449 predicatores
617 2413 832 2450 questum-iffi,
851 2414 903 2443 ubi
922 2414 1092 2452 contigerit
1104 2423 1158 2453 pro
1174 2415 1307 2454 inquisi-

301 2463 398 2493 tionis
425 2472 478 2493 seu
510 2464 585 2493 fidei
611 2466 737 2502 negotio
760 2467 1037 2504 congregationem
1066 2468 1134 2497 fieri
1159 2468 1206 2498 vel
1228 2469 1308 2500 alias

300 2517 403 2547 eidem
417 2517 543 2553 negotio
553 2518 789 2556 quomodolibet
799 2528 835 2549 ex
843 2519 903 2549 hoc
912 2521 1178 2559 impedimentum
1187 2522 1305 2561 afferri,

300 2569 553 2608 aprcdicationis
572 2571 687 2608 officio,
705 2572 786 2610 quod
804 2573 842 2602 ad
858 2574 941 2612 ipsos
959 2574 1142 2605 nullatenus
1158 2576 1305 2614 pertinet,

300 2631 435 2661 quorum
464 2624 594 2653 interest
617 2629 738 2654 tantum
763 2626 928 2656 caritativa
953 2627 1094 2658 subsidia
1121 2629 1309 2668 simpliciter

300 2680 415 2714 petere,
433 2684 468 2705 ac
487 2677 736 2715 indulgentiam,
753 2679 780 2708 si
797 2688 892 2718 quam
906 2680 984 2710 sorte
996 2681 1125 2719 liabent,
1138 2691 1305 2722 exponere,

301 2728 434 2758 liberam
448 2730 536 2759 vobis
552 2735 581 2759 et
598 2731 736 2768 siugulis
751 2737 891 2763 vestrum
908 2734 1112 2764 concedimus
1123 2736 1309 2767 auctoritate

300 2783 495 2819 presentium
511 2783 705 2814 facultatem.
725 2784 872 2815 Ceterum
890 2786 916 2816 si
931 2787 1018 2822 forte,
1030 2788 1113 2827 quod
1129 2797 1193 2819 non
1207 2788 1308 2819 credi-

301 2843 389 2872 mus,
407 2836 506 2874 aliqui
523 2838 756 2877 cujuscumque
772 2840 963 2870 conditionis
983 2841 1059 2871 huic
1077 2842 1204 2880 negotio
1220 2843 1309 2873 vobis

301 2889 469 2918 commisso
478 2899 509 2918 se
516 2898 685 2928 opponere,
694 2900 748 2922 seu
758 2891 836 2922 illud
849 2894 1309 2934 presumpserintaliquatenus

302 2940 473 2978 impedire,
494 2948 525 2971 ut
547 2952 608 2973 non
629 2945 725 2982 possit
741 2946 866 2984 procedi
888 2946 987 2977 libere
1002 2948 1036 2977 in
1054 2948 1181 2986 eodem,
1201 2954 1311 2980 contra

302 3001 354 3022 eos
377 2998 524 3032 tanquam
548 3002 656 3026 contra
681 2998 895 3029 hereticorum
913 3000 1050 3031 fautores
1066 3006 1096 3031 et
1112 3001 1308 3039 defensores,

301 3050 412 3076 contra
428 3047 498 3076 illos
521 3057 593 3078 vero
610 3050 663 3088 qui
682 3051 767 3080 idem
786 3053 948 3090 negotium
970 3053 1115 3092 requisiti
1133 3055 1224 3093 juxta
1239 3055 1311 3085 offi-

302 3099 392 3128 cium·
410 3104 437 3129 et
460 3109 549 3139 posse
570 3112 661 3132 suum
684 3113 744 3134 nou
770 3106 916 3143 juverint
934 3116 987 3136 seu
1005 3107 1141 3137 foverint
1157 3108 1309 3147 studiose,

1396 494 1468 523 freti
1499 493 1608 523 eadem
1638 493 1839 525 auctoritate.
1868 493 2027 532 intrepide
2065 494 2258 532 procedatis,
2287 502 2400 525 secun-

1393 547 1469 576 dum
1498 547 1667 577 canonicas
1693 546 1886 576 sanctiones.
1907 546 2064 585 Denique,
2092 552 2124 577 ut
2148 548 2232 578 circa
2247 548 2399 586 premissa

1393 600 1485 640 plene
1502 600 1589 629 vobis
1605 604 1635 629 et
1657 599 1794 637 singulis
1819 604 1959 629 vestrum
1982 599 2175 630 cohertiouis
2206 600 2349 639 expedita
2370 606 2401 634 et

1392 653 1591 683 inviolabilis
1606 653 1689 682 adsit
1704 652 1888 689 auctoritaS,
1909 652 2058 682 volumus
2079 658 2111 683 ut
2129 662 2165 684 ea
2177 654 2285 684 omnia
2301 654 2399 686 viriti-

1394 710 1439 735 ter
1457 706 1673 744 exequamini.
1696 705 1856 741 Invocato‚
1875 705 1901 734 si
1917 714 1999 744 opus
2017 705 2125 743 suerit,
2141 706 2261 736 auxilio
2276 697 2426 766 brachii,;

1392 759 1552 789 secularis.
1588 759 1843 789 Contradictores
1863 763 1920 788 etc.
1954 759 2027 789 Non
2059 759 2260 790 obstantibus
2281 759 2380 799 aliqui
2410 770 2425 783 ’-

1391 813 1450 842 bus
1481 812 1657 851 privilegiis
1693 812 1742 841 vel
1783 811 1997 850 indulgentiis
2037 812 2295 852 quibuscumque
2327 821 2362 852 p

1392 867 1496 906 sonis,
1521 867 1752 905 cujuscumque
1773 865 1980 901 conditionis,
2007 865 2173 904 dignitatis
2193 866 2242 896 vel
2259 865 2377 905 gradus

1392 919 1556 957 religionis
1597 919 1645 949 vel
1684 919 1830 956 ordinis,
1869 923 1900 948 et
1945 919 2112 957 presertim
2155 919 2377 950 Cisterciensis
2386 938 2399 961 ,ῃ

1391 973 1642 1010 Predicatornm,
1671 973 1853 1009 Minimum,
1877 981 1931 1003 seu
1957 973 2208 1009 Heremitarum,
2229 973 2297 1002 sive
2315 980 2402 1016 conis,

1390 1026 1601 1055 munitatibus
1631 1025 1678 1055 vel
1707 1025 1968 1055 universitatibus
1996 1025 2161 1055 civitatum
2187 1029 2217 1056 et
2239 1025 2409 1070 locorum,

1390 1079 1561 1118 spetialiter
1579 1084 1609 1109 et
1624 1079 1828 1117 generaliter,
1854 1080 1913 1109 sub
1929 1088 2133 1118 quacumque
2152 1079 2323 1110 verborum
2345 1087 2389 1123 ex¹

1391 1133 1553 1170 pressione
1582 1133 1628 1163 vel
1652 1133 1770 1168 forma,
1787 1142 1806 1163 a
1823 1136 1997 1163 memorata
2013 1132 2086 1162 sede
2103 1132 2277 1170 concessis,
2299 1131 2349 1163 vel
2367 1131 2373 1138 ¹
2388 1166 2395 1174 ἱ

1390 1191 1551 1225 posterum
1573 1187 1801 1224 concedendis,
1820 1187 1916 1216 etiam
1933 1187 1957 1216 si
1975 1186 2103 1216 dicatur
2120 1187 2152 1216 in
2172 1185 2237 1216 illis
2252 1185 2338 1225 quod
2355 1182 2400 1222 eid

1390 1249 1445 1278 per
1459 1239 1583 1278 aliquas
1605 1239 1727 1269 litteras
1745 1244 1845 1269 totum
1865 1239 1903 1269 de
1925 1239 2020 1269 verbo
2044 1239 2083 1268 ad
2105 1239 2239 1268 verbum
2259 1243 2406 1276 tenoreu,

1389 1301 1451 1322 non
1471 1293 1670 1323 continentes
1691 1293 1932 1332 privilegiorum
1960 1292 2006 1321 vel
2031 1291 2306 1330 indulgentiarum
2321 1290 2404 1333 ipsa,

1389 1356 1460 1376 rum
1494 1352 1630 1386 nequeat
1656 1347 1820 1384 derogari,
1852 1353 1882 1376 ct
1906 1346 1973 1376 illis
2002 1346 2143 1376 maxime
2166 1345 2345 1384 privilegiis
2371 1353 2404 1383 θ

1389 1400 1601 1442 indulgentiis
1617 1401 1732 1440 quibus
1744 1400 1783 1430 ab
1796 1400 1863 1439 ipsa
1876 1400 1949 1430 sede
1963 1408 2150 1430 concessum
2164 1403 2211 1429 est
2224 1398 2404 1438 aliquibu

1389 1462 1443 1482 sen
1461 1453 1651 1483 concedetur
1668 1453 1836 1492 deinceps,
1857 1453 1940 1492 quod
1961 1452 2234 1483 excommunicari
2250 1450 2301 1482 vel
2315 1451 2403 1491 ips&
2443 1470 2445 1473 .

1389 1515 1460 1535 rum
1483 1511 1563 1536 terre
1586 1506 1721 1545 supponi
1745 1515 1809 1537 nou
1834 1507 1959 1545 possint
1978 1506 2192 1536 ecclesiastico
2210 1504 2380 1536 interdicto
2390 1521 2393 1524 <

1389 1564 1445 1589 aut
1457 1559 1541 1598 quod
1553 1560 1788 1598 predicatorum
1806 1564 1861 1590 aut
1873 1559 2010 1590 aliorum
2024 1557 2402 1599 quorumlibetordinu·11

1388 1613 1501 1642 fratres
1531 1613 1570 1643 ad
1601 1614 1809 1644 executiones
1837 1614 2060 1651 negotiorum,
2091 1618 2144 1644 aut
2169 1613 2210 1643 ad
2236 1611 2394 1643 citatiou'

1389 1666 1617 1705 quorumlibet,
1628 1667 1694 1696 sive
1706 1667 1968 1696 denuntiationes
1977 1667 2209 1697 sententiarum
2221 1673 2392 1696 excommu

1390 1721 1578 1756 nicationis,
1611 1721 1832 1759 suspensionis
1850 1719 1898 1750 vel
1915 1720 2078 1750 interdicti
2093 1743 2101 1758 ,
2120 1719 2304 1750 auctoritate
2319 1718 2359 1750 tit
2391 1737 2403 1744 u

1389 1783 1498 1803 rarum
1523 1773 1770 1813 apostolicarum
1787 1774 1924 1804 minime
1942 1774 2012 1812 cogi
2029 1773 2167 1813 possint,
2188 1773 2253 1803 nisi
2267 1772 2308 1803 de
2321 1772 2394 1811 ips

1390 1837 1461 1857 rum
1487 1827 1657 1857 ordinibus
1685 1832 1716 1857 et
1743 1827 1921 1867 privilegiis
1945 1827 1995 1857 vel
2012 1826 2225 1865 indulgentiis
2244 1826 2289 1856 eis
2306 1834 2397 1865 ευρ»

1390 1881 1449 1911 hoc
1463 1890 1481 1910 a
1497 1881 1570 1911 sede
1586 1881 1747 1911 concessis
1770 1881 1879 1911 eadem
1905 1880 2059 1910 habeatur
2083 1880 2118 1909 in
2141 1879 2263 1910 eisdem
2287 1877 2407 1914 litter?

1390 1935 1511 1964 mentio
1533 1933 1692 1974 spetialis,
1714 1943 1786 1964 cuin
1805 1944 1841 1964 ex
1861 1933 2050 1973 hujusmodi
2068 1933 2117 1963 vel
2134 1933 2207 1962 aliis
2225 1930 2400 1976 privile*

1390 1992 1421 2018 et
1435 1987 1644 2025 indulgentiis
1660 1987 1787 2017 nullum
1811 1987 1900 2017 vobis
1915 1987 1950 2016 in
1969 1991 2053 2016 tante
2068 1985 2192 2025 pietatis
2209 1985 2335 2024 negotio
2349 1993 2384 2015 v

1388 2094 1481 2124 dietis
1498 2094 1580 2124 edita
1595 2094 1628 2123 in
1646 2093 1782 2124 concilio
1798 2093 1953 2132 generali.
1972 2093 2041 2123 Dat.
2063 2090 2184 2130 Rome,
2201 2091 2286 2131 apud
2301 2091 2364 2123 San
2383 2090 2396 2122 Ῑ-;

1390 2153 1453 2178 tam
1471 2148 1604 2177 Mariam
1618 2147 1784 2186 Majorem,
1800 2156 1818 2176 x
1832 2146 1986 2177 kalendas
2003 2146 2092 2184 maii,
2112 2154 2198 2176 auno
2213 2143 2364 2176 secundo.
2392 2181 2393 2185 Ἰ
2425 2162 2431 2170 =

1458 2306 1546 2335 893

1425 2369 1531 2396 Contra
1545 2370 1704 2396 haereticos
1718 2369 1800 2397 (Καὶ.
1815 2368 1863 2400 44,
1880 2377 1906 2395 c.
1926 2368 1988 2399 179,
2006 2369 2025 2395 s.
2042 2368 2088 2395 147
2102 2375 2144 2400 v⁰;
2163 2367 2268 2396 Porm.
2284 2365 2384 2396 22⁹4&

1725 2304 2094 2340 Sainte—Marie-Majeure,
2110 2304 2145 2332 22
2160 2304 2230 2332 avril
2247 2303 2326 2332 ⁴289.

1431 2472 1549 2502 Dilectis
1555 2472 1630 2509 litiis
1641 2493 1660 2501 ..
1672 2472 1864 2509 potestatibus
1875 2472 2118 2509 sivejrectort'bus,
2129 2470 2391 2512 consulibusaeass
2435 2475 2438 2484 ¹

1392 2526 1499 2562 laneis,
1514 2526 1663 2562 antianis,
1678 2524 1813 2555 consitiis
1824 2531 1850 2554 et
1863 2525 2136 2555 communitatibus
2147 2525 2310 2554 civitatum
2322 2521 2382 2555 αΓ
2420 2533 2423 2564 2

1390 2588 1523 2616 rumque
1540 2579 1672 2607 locorum
1689 2588 1744 2616 per
1760 2579 1882 2608 Italiam
1899 2579 2082 2616 constitutis,
2099 2577 2231 2608 mandat
2245 2580 2386 2621 quamuis,

1391 2630 1635 2661 constitutiones
1657 2636 1766 2661 contra
1790 2631 1966 2661 haereticos
1983 2631 2023 2661 ab
2042 2630 2230 2662 Innocentio
2245 2629 2314 2660 1111
2338 2628 2389 2654 :fi
2428 2627 2437 2636 '

1393 2689 1438 2715 tas
1453 2709 1459 2722 ,
1475 2684 1515 2714 ab
1533 2684 1717 2715 Alexandro
1741 2689 1772 2714 et
1788 2684 1953 2715 Clemente
1973 2684 2040 2714 1111
2061 2681 2350 2714 modificationibus
2368 2686 2389 2726 κζ’

1392 2737 1663 2768 declarationibus
1679 2741 1805 2775 auctas,
1822 2738 2003 2768 observent.
2393 2767 2395 2770 Α

1436 2803 1449 2818 ιι
1474 2791 1524 2821 Ad
1543 2791 1731 2830 extirpanda
1747 2791 1823 2823 de...
1842 2808 1880 2813 —
1895 2791 1970 2822 Dat.
1986 2795 2140 2830 utsupra.
2167 2801 2182 2818 ι)
2387 2831 2389 2835 ¹
2429 2816 2437 2830 ,

1462 2943 1550 2972 894

1428 3005 1471 3032 De
1485 3006 1585 3033 eodem
1602 3007 1717 3041 negotio
1735 3006 1819 3039 (Rea.
1839 3007 1872 3034 44
1883 3027 1890 3041 ‚
1907 3014 1932 3033 c.
1951 3005 2018 3040 180,
2035 3005 2054 3032 s.
2074 3004 2123 3033 149
2138 3005 2189 3039 νο.)

1734 2943 2082 2978 Sainte-Marie-Majeure
2093 2963 2099 2975 ‚
2116 2942 2151 2970 ‘22
2164 2941 2233 2970 avril
2250 2940 2330 2970 1289.
2350 2972 2355 2981 ,

1434 3131 1456 3138 ..
1478 3110 1579 3146 priori
1604 3110 1788 3147 provintiatt'
1812 3110 1950 3145 fratrum
1981 3107 2098 3138 ordinis
2122 3107 2346 3145 predicatorum
2363 3101 2398 3139 {3
