2477 3637
221 371 276 402 386
967 365 1203 396 REGISTRES
1226 365 1279 395 DE
1302 364 1487 395 NICOLAS
1511 365 1566 394 IV.

291 437 402 466 212ss

255 501 299 528 De
324 499 507 527 coronatione
535 496 725 532 imperatoris.
752 494 836 529 (Rso.
865 495 912 526 44,
937 503 962 522 c.
989 495 1035 527 10,
1062 496 1080 523 s.
1107 495 1155 523 307
1181 501 1224 528 νο,

221 550 336 582 Pons„
353 548 463 580 22934.)

563 432 923 467 Salute-lilarie-Majeurffi
943 433 973 460 13
989 432 1058 460 avril
1079 432 1152 460 1289.

260 650 421 681 Carissimo
439 650 469 678 in
493 647 614 678 christo
633 647 698 684 filio
719 647 768 681 13„
789 647 853 683 reyi
868 647 1075 676 Romanorum
1089 646 1227 683 illustri,

220 703 348 734 nuntiat
369 702 628 735 Benevenutum,
649 699 856 737 Eugubinum
874 699 1073 739 episcopum,
1095 698 1228 729 latorem

220 755 454 796 praesentium,
475 761 705 792 responsurum
732 752 848 782 litteris
876 760 955 791 quas
980 752 1048 791 ipse
1078 760 1147 788 rex,
1174 760 1229 791 per

221 809 457 844 Burchardum,
473 807 662 845 magistrum
676 805 842 845 hospitalis
854 805 988 836 Sanctae
1000 805 1120 835 Mariae
1129 804 1230 835 Theo-

220 863 400 894 tonicornm
426 860 698 897 Jerosolimitani,
716 863 746 890 et
765 859 959 896 Henricum,
978 858 1229 898 protonotarium

220 925 327 952 suum,
342 916 381 946 ad
400 915 507 945 sedem
526 913 734 953 apostolicam
749 912 847 949 misit,
863 911 1045 951 quibusque
1058 911 1182 942 dicebat
1197 920 1230 942 se

221 973 339 1000 aestate
356 968 517 1007 proxima,
537 968 604 997 sive
620 966 715 996 initio
733 966 849 995 hiemis
867 965 1025 1001 secuturi,
1050 965 1083 994 in
1106 964 1230 995 Italiam

221 1027 411 1058 venturum,
441 1025 475 1051 ut
500 1019 667 1059 imperiale
693 1019 841 1050 diadema
866 1019 905 1048 de
935 1018 1086 1048 manibus
1112 1018 1231 1048 summi

222 1076 380 1116 pontificis
397 1075 579 1113 susciperet.

263 1142 278 1157 «
297 1130 407 1167 Nuper
423 1128 462 1158 ad
487 1132 665 1158 nostram...
685 1143 724 1149 —
746 1127 816 1156 Dat.
837 1126 952 1162 Rome,
979 1125 1062 1165 apud
1081 1125 1231 1156 Sanctam

222 1183 357 1213 Mariam
377 1182 541 1221 Major-em,
561 1180 668 1211 idibus
684 1179 807 1219 aprilis,
823 1187 910 1210 anno
927 1179 1077 1210 secundo.
1096 1190 1110 1205 »

291 1369 406 1397 2122

256 1432 298 1458 De
315 1431 415 1458 eodem
434 1430 560 1465 negotio.
578 1430 661 1462 (Res.
681 1430 724 1463 44,
741 1437 767 1456 c.
787 1429 828 1460 11,
845 1429 865 1455 f.
883 1428 932 1455 307
950 1428 999 1462 v0.)

560 1365 921 1400 Salute-Marie-Majeure,
940 1365 971 1392 13
987 1365 1056 1391 avril
1080 1364 1157 1392 1289.

263 1535 366 1565 Eidem
386 1534 514 1563 nuntiat
530 1532 788 1569 Benevenutum,
806 1530 1013 1569 Eugubinum
1035 1530 1230 1569 episcopum,

221 1589 362 1618 laturum
383 1587 412 1617 ei
430 1586 552 1616 litteras
568 1585 754 1624 apostolicas
773 1585 1002 1623 respondentes
1017 1584 1135 1614 litteris
1154 1591 1233 1622 quas

220 1642 288 1681 ipse
303 1650 370 1677 rex,
387 1649 442 1679 per
457 1639 684 1670 Burchardum
700 1643 730 1669 et
748 1637 937 1674 Henricum,
955 1637 1174 1676 praesentium
1190 1635 1234 1666 la-

223 1699 317 1732 tores,
330 1694 370 1724 ad
385 1693 493 1724 sedem
511 1692 718 1731 apostolicam
737 1692 836 1728 misit,
851 1691 1034 1730 quibusque
1049 1690 1173 1720 dicebat
1188 1698 1233 1727 se,

222 1751 339 1778 aestate
358 1747 517 1786 proxima,
536 1746 602 1776 sive
622 1745 780 1785 principio
797 1745 915 1775 hiemis
931 1745 1088 1781 secuturi,
1107 1744 1142 1773 in
1167 1744 1233 1774 Ita-

222 1801 301 1831 liam
332 1804 524 1836 venturum,
558 1803 592 1829 ut
623 1798 792 1838 imperiale
830 1798 977 1828 diadema
1014 1798 1052 1827 de
1085 1797 1235 1828 manibus

223 1854 344 1885 summi
361 1853 522 1893 pontificis
538 1842 723 1892 susciperet.

265 1920 278 1935 u
298 1907 437 1938 Dilectos
455 1907 539 1937 filios
558 1907 726 1937 fratrem...
746 1923 784 1929 —
798 1907 869 1936 Dat.
889 1910 1044 1945 utsupra.
1068 1915 1082 1934 i>

296 2087 416 2118 2128
844 2085 938 2120 nien,
957 2085 989 2112 19
1005 2085 1060 2111 mai
1083 2084 1162 2112 1‘289.

261 2150 422 2177 processus
447 2153 546 2176 contra
566 2148 728 2180 Jacobum,
750 2153 847 2175 natum
872 2148 1016 2183 quondam
1043 2147 1137 2179 Petri,
1167 2148 1234 2175 olim

225 2200 303 2234 regis
319 2199 500 2233 Aragonum.
518 2197 602 2231 (Reo.
620 2197 668 2229 44,
690 2205 715 2224 c.
733 2196 776 2228 12,
790 2197 808 2223 f.
828 2196 877 2224 307
894 2198 944 2228 νο.)

265 2302 407 2331 Nicotaus
426 2305 479 2330 etc.
502 2300 546 2328 Ad
564 2300 778 2329 certitudinem
797 2300 982 2336 presentium
1006 2304 1033 2328 et
1055 2301 1236 2328 memoriam

223 2357 417 2391 futurorum.
452 2353 625 2382 Processus
654 2353 831 2382 anteriores
861 2356 1017 2382 memorat
1045 2351 1196 2391 additque
1227 2361 1233 2382 :

228 2420 241 2435 ‹
260 2408 432 2438 Processus
442 2406 612 2446 predictos,
626 2410 774 2445 presente
787 2405 847 2435 hac
859 2405 1005 2436 fidelium
1015 2405 1234 2443 multitudine,

226 2462 420 2491 innovamus
434 2464 543 2490 contra
556 2468 631 2489 eum
641 2463 672 2490 et
682 2458 808 2490 Siculos
820 2459 964 2498 aliosque
974 2459 1111 2489 fautores
1124 2459 1235 2498 ipsius,

226 2514 375 2552 gravius,
395 2517 488 2552 prout
511 2512 688 2552 pertinacia
704 2521 813 2543 eorum
830 2512 989 2550 exegerit,
1008 2511 1144 2551 qualitas
1164 2512 1237 2542 [acti

226 2567 360 2597 suaserit
372 2571 402 2596 et
413 2566 563 2604 expedire
574 2565 762 2602 viderimus,
771 2569 875 2595 actore
884 2565 1036 2602 Domino,
1045 2565 1235 2604 processuri.

228 2621 270 2652 Ut
298 2625 405 2650 autem
433 2619 619 2658 hujusmodi
648 2623 755 2649 noster
775 2627 940 2658 processus
966 2618 1006 2649 ad
1031 2627 1236 2649 communem

225 2674 373 2704 omnium
398 2673 545 2703 notitiam
575 2672 766 2709 deducatur,
794 2676 895 2702 cartas
920 2673 987 2703 sive
1016 2672 1236 2710 membranae,

226 2736 408 2766 processum
437 2727 642 2757 continentes
670 2726 829 2762 eundem,
858 2726 892 2755 in
921 2726 1076 2764 presentis
1106 2725 1238 2756 ecclesie

228 2779 342 2810 Sancte
362 2781 464 2810 Mai-ie
479 2779 618 2819 appendi
641 2779 691 2809 vel
706 2779 794 2817 affigi
812 2779 899 2809 ostiis
922 2788 975 2809 seu
995 2788 1089 2818 super
1107 2778 1237 2808 limina-

229 2835 316 2864 ribns
334 2834 505 2870 faciemus,
529 2843 591 2873 que
610 2842 791 2873 processum
815 2833 920 2872 ipsum
937 2842 994 2863 suo
1009 2834 1101 2872 quasi
1123 2841 1238 2863 sonoro

228 2889 376 2925 preconio
403 2891 433 2918 et
458 2887 564 2927 patulo
583 2887 709 2926 judicio
733 2887 955 2927 publicabunt,
973 2887 1017 2917 ita
1036 2887 1119 2926 quod
1137 2886 1237 2917 iidem

228 2940 364 2970 Jacohus
387 2945 416 2971 et
438 2941 541 2971 Siculi
572 2940 695 2971 nullam
723 2945 828 2980 postea
855 2941 975 2980 possint
999 2941 1239 2971 excusationem

230 2993 415 3032 pretendere
432 2995 514 3033 quod
531 2995 570 3024 ad
586 3003 638 3025 eos
654 2994 723 3024 talis
738 3003 904 3033 processus
918 3002 980 3024 non
996 2993 1176 3033 pervenerit
1189 2992 1239 3022 vel

229 3045 312 3084 quod
330 3046 506 3084 ignorarint
522 3047 679 3084 eundem,
697 3057 770 3078 cum
794 3056 856 3078 non
881 3047 920 3078 sit
942 3046 1116 3077 verisimile
1134 3045 1239 3085 quoad

1309 431 1394 470 ipsos
1410 440 1577 462 remanere
1603 431 1805 469 incognitum
1825 430 1876 461 vel
1893 431 2052 462 occultum
2069 432 2152 471 quod
2177 437 2239 464 tam
2260 442 2314 473 pa-

1310 489 1412 515 tenter
1428 485 1578 515 omnibus
1597 484 1788 523 publicatur.
1808 495 1821 511 n

1350 550 1364 565 «
1384 538 1494 577 Nuper
1509 538 1542 567 iu
1562 537 1649 567 die...
1667 553 1707 560 —
1728 538 1845 567 Actum
1863 537 1977 574 Reate,
1997 537 2032 567 in
2052 537 2153 577 platea
2172 539 2314 578 ejusdem

1310 590 1441 621 ecclesie
1460 590 1574 620 Sancte
1592 591 1705 626 Marie,
1723 591 1757 620 in
1771 589 1823 620 die
1841 590 2047 621 Ascensionis
2061 590 2204 629 Domini,
2217 593 2316 631 ponti-

1310 644 1422 674 ficatus
1439 644 1537 674 nostri
1554 652 1640 674 anno
1656 643 1808 674 secundo.
1829 657 1840 669 υ

1383 830 1498 858 2129
1936 829 2013 856 Rieti
2025 829 2081 875 719
2096 830 2153 856 mai
2168 829 2246 858 1289.

1348 878 1507 906 Processns
1522 881 1621 905 contra
1638 877 1804 905 Perusinos.
1822 877 1904 911 (Rea.
1923 877 1966 913 44,
1984 886 2011 906 c.
2031 877 2073 910 13,
2090 878 2110 905 f.
2129 878 2179 906 308
2195 879 2244 912 r0.)

1351 984 1395 1013 Ad
1417 983 1629 1013 certitudinem
1652 983 1837 1020 presentium
1863 987 1890 1012 et
1918 983 2099 1012 memoriam
2125 985 2316 1020 futurorum.
2355 974 2358 981 ¹

1313 1037 1469 1067 Memorat
1488 1045 1651 1076 processus
1668 1040 1776 1067 contra
1799 1044 1852 1066 eos
1874 1036 1908 1065 in
1931 1035 1984 1066 die
2003 1035 2128 1066 Coenae
2151 1029 2340 1076 praeterito·
2360 1035 2362 1037 ’

1313 1090 1437 1120 habitos
1462 1089 1612 1128 additque
1635 1099 1641 1119 :
1667 1101 1680 1117 α
1709 1089 1871 1120 Predictos
1893 1098 2075 1128 processus,
2093 1094 2240 1129 presente
2261 1090 2320 1123 hae
2358 1077 2362 1083 ι

1313 1142 1457 1172 fidelium
1475 1143 1601 1182 copiosa
1621 1142 1840 1180 multitudine,
1859 1143 2064 1173 innovamus.
2083 1142 2121 1173 Et
2138 1142 2320 1175 nichilomi-

1314 1199 1376 1226 nus
1394 1196 1552 1226 universis
1568 1196 1856 1226 communitatibus
1874 1200 1938 1226 tam
1955 1196 2122 1226 civitatum
2141 1205 2238 1236 quam
2253 1205 2320 1228 cas-
2342 1205 2361 1238 j
2389 1189 2390 1192 ¹

1314 1253 1434 1279 trorum
1454 1249 1655 1288 aliorumque
1673 1249 1816 1280 locorum
1833 1249 1866 1279 in
1893 1249 1983 1280 terris
2000 1249 2132 1280 ecclesie
2147 1250 2320 1281 consisten-
2338 1257 2343 1267 ’

1315 1303 1393 1332 tium
1419 1302 1594 1332 districtius
1618 1303 1803 1333 inhibemus
1830 1312 1870 1333 ne
1894 1302 2036 1342 aliquem
2061 1303 2165 1334 civem
2185 1303 2341 1335 civitatis

1313 1356 1470 1385 Perusine
1489 1355 1537 1385 vel
1553 1355 1592 1385 de
1608 1356 1708 1395 ipsius
1723 1357 1868 1387 districtu
1887 1357 1921 1386 in
1940 1365 2052 1388 eorum
2069 1361 2256 1397 potestatem
2271 1357 2331 1389 vel'
2376 1344 2379 1347 ,

1313 1409 1517 1449 capitaneum
1533 1410 1639 1440 autad
1657 1410 1746 1441 aliud
1759 1411 1899 1441 officium
1915 1410 2080 1450 publicum
2097 1410 2322 1451 quoquomodo

1314 1467 1499 1501 assumant3
1518 1467 1559 1501 et,
1577 1464 1603 1494 si
1621 1473 1817 1503 quemquam
1834 1473 1944 1495 eorum
1959 1464 1999 1494 ad
2016 1463 2205 1504 hujusmodi
2219 1463 2323 1496 officia·

1315 1517 1447 1547 forsitan
1470 1523 1730 1556 assumpserunt,
1749 1517 1842 1548 illum
1861 1518 2058 1558 quamtotius
2081 1517 2236 1557 repellere
2257 1520 2322 1549 non*

1315 1575 1514 1610 postponant.
1542 1570 1699 1601 Volumus
1716 1575 1823 1601 autem
1843 1575 1938 1610 atque
1958 1571 2164 1602 decernimus
2180 1571 2324 1603 civitates>

1315 1628 1346 1655 et
1360 1624 1428 1654 loca
1444 1624 1506 1654 alia
1525 1624 1706 1664 supradicta
1720 1624 1760 1654 ad
1776 1633 1885 1655 eorum
1902 1625 2018 1656 salaria
2033 1633 2098 1655 non
2113 1625 2229 1663 teneri,
2246 1633 2329 1657 con-s

1317 1682 1363 1708 tra
1379 1678 1553 1708 Perusinos
1580 1678 1706 1709 eosdem
1731 1683 1761 1709 et
1783 1683 1901 1709 terram
1920 1679 2063 1718 ipsorum
2084 1679 2211 1717 gravius
2229 1679 2320 1721 spiri-

1317 1732 1444 1762 tualiter
1465 1737 1495 1762 et
1519 1732 1736 1771 temporaliter
1758 1732 1953 1771 processuri,
1978 1736 2071 1771 prout
2092 1731 2229 1771 qualitas
2249 1732 2280 1764 fa
2306 1732 2337 1769 π’,

1317 1785 1453 1816 suaserit
1479 1790 1510 1815 et
1538 1786 1735 1816 contumatia
1758 1786 1888 1816 illorum
1916 1786 2058 1825 exegerit
2082 1794 2120 1817 ac
2147 1784 2324 1822 viderimus?
2348 1814 2352 1820 ‚
2390 1778 2397 1804 ⁴¹

1317 1839 1475 1878 expedire.
1488 1839 1533 1870 Ut
1544 1844 1653 1869 autem
1669 1839 1854 1878 hujusmodi
1872 1843 1979 1870 noster
1992 1848 2158 1879 processus
2175 1843 2251 1878 etc.,
2271 1848 2323 1871 usv-

1317 1901 1379 1932 que
1401 1892 1630 1932 publi.cabunt;
1650 1893 1695 1923 ita
1712 1884 1796 1932 quod
1818 1893 1916 1923 iidem
1935 1893 2086 1924 Perusini
2109 1892 2200 1924 nulla
2219 1887 2324 1933 postea

1317 1951 1389 1983 etc.,
1407 1947 1560 1985 usquein
1578 1946 1654 1978 fine.
1674 1958 1687 1974 ι

1359 2012 1372 2027 α
1392 2000 1441 2030 Ad
1459 2000 1699 2039 reprimendam
1717 2000 1950 2031 detestabilis...
1972 2012 1986 2028 ι

2458 1302 2477 1546 ἑπε-«ε-
2474 1197 2477 1224 -

2454 1569 2477 1707 ἓξὲξ»

1389 2187 1509 2216 2180
1940 2187 2031 2219 Rieti,
2053 2187 2085 2215 19
2102 2187 2158 2214 mai
2176 2186 2255 2216 1289.
2312 2221 2316 2229 ,

1355 2236 1514 2263 processus
1529 2239 1629 2263 contra
1643 2236 1826 2264 Tudertinus.
1848 2237 1929 2270 (Res.
1944 2237 1986 2269 44,
2004 2245 2030 2265 c.
2048 2237 2090 2269 14,
2108 2236 2129 2264 f.
2147 2237 2199 2264 308
2215 2237 2264 2270 νύ.)

1358 2347 1402 2376 Ad
1428 2347 1642 2377 certitudinem
1664 2348 1853 2385 presentium
1877 2352 1903 2377 et
1926 2349 2110 2377 memoriam
2131 2349 2322 2384 futurorum

1319 2397 1478 2430 Memorat
1499 2407 1664 2438 processus
1686 2404 1796 2430 contra
1822 2408 1876 2430 eos
1901 2399 1936 2430 in
1967 2399 2020 2430 die
2045 2398 2172 2430 Coenae
2201 2407 2275 2438 prae
2303 2430 2306 2435 ,

1319 2453 1379 2483 rito
1405 2452 1528 2483 habitos
1554 2452 1706 2492 additque
1730 2463 1737 2483 ε
1761 2465 1773 2480 ι
1796 2453 1988 2484 Tudertinos
2011 2454 2158 2491 eosdem,
2182 2460 2325 2494 presen

1319 2507 1379 2536 hac
1414 2506 1560 2536 fidelium
1590 2506 1799 2537 multitudine
1826 2507 1970 2546 copiosa,
2000 2500 2171 2538 monemus
2201 2507 2303 2547 eisqu
2320 2527 2325 2542 2,
2379 2533 2387 2546 Α,

1319 2560 1378 2591 sub
1398 2569 1478 2600 pena
1495 2560 1633 2590 duorum
1657 2560 1786 2590 milium
1810 2569 1990 2591 marcarum
2008 2560 2153 2600 argenti,
2170 2568 2267 2600 quam
2293 2573 2324 2594 εξ,
2373 2564 2383 2587 .’

1319 2614 1389 2654 ipso
1407 2613 1478 2644 illos
1496 2615 1661 2644 incurrere
1680 2613 1829 2644 volumus
1845 2614 1872 2644 si
1894 2613 2044 2644 mandata
2059 2617 2168 2645 nostra
2187 2621 2252 2645 non
2268 2607 2322 2645 cn

1321 2668 1462 2697 raverint
1481 2667 1674 2707 adimplere,
1695 2667 1836 2698 districte
1854 2657 2058 2707 injungimus
2075 2672 2110 2698 ut
2125 2667 2213 2698 infra
2230 2665 2284 2698 un·

1320 2721 1441 2751 mensis
1464 2721 1601 2760 spatium
1616 2730 1635 2751 a
1650 2721 1703 2752 die
1720 2721 1905 2752 monitionis
1929 2720 2115 2760 huJusmodi
2137 2729 2253 2760 compu

1320 2774 1397 2804 dum
1414 2783 1508 2813 super
1520 2775 1589 2814 Jam
1604 2774 1697 2805 dictis
1713 2774 1906 2812 excessibus,
1924 2773 2083 2804 mandatis
2099 2777 2130 2804 et
2149 2771 2282 2814 benepla
2316 2764 2322 2797 f

1321 2828 1361 2858 tis
1377 2828 1494 2858 nostris
1511 2832 1540 2857 et
1554 2836 1686 2858 romane
1701 2827 1832 2858 ecclesie
1844 2827 2010 2858 humiliter
2028 2831 2058 2858 et
2072 2826 2242 2858 efficaciter
2255 2826 2311 2862 sm

1321 2881 1416 2912 deant
1432 2881 1571 2911 obedire.
1593 2882 1639 2911 Ac
1661 2881 1893 2911 nichilominus
1913 2879 2098 2910 'tudertinis
2114 2879 2234 2910 eisdem
2245 2901 2253 2916 ,
2266 2886 2324 2917 sm.

1321 2944 1402 2974 pena
1417 2935 1560 2974 quinque
1577 2934 1704 2965 milium
1722 2943 1901 2965 marcarum
1913 2933 2050 2972 argenti,
2063 2941 2160 2973 quam
2176 2931 2277 2964 simili
2296 2935 2328 2965 tt

1322 2997 1373 3018 eos
1387 2988 1552 3019 incurrere
1570 2987 1717 3018 volumus
1735 2988 1803 3026 ipso
1818 2987 1898 3018 sacto
1914 2987 1941 3017 si
1958 2995 1991 3017 se
2010 2987 2046 3016 in
2069 2986 2128 3017 hac
2150 2990 2238 3026 parte
2257 2990 2325 3020 rt¹

1322 3041 1464 3072 diderint
1480 3044 1683 3071 contumaces
1698 3065 1705 3078 ,
1724 3040 1905 3080 expressius
1923 3039 2110 3070 inhibemus
2132 3047 2173 3070 ne
2195 3037 2327 3078 presa'?
