2477 3637
310 396 364 426 100
850 372 855 377 ’
1056 393 1291 424 1150151οΕ5
1315 395 1368 424 nm
1391 394 1574 424 income
1598 393 1653 422 111

309 476 322 489 »
347 463 463 493 vatoris
494 462 532 491 de
556 461 694 496 Chii-ac,
723 460 834 490 cellam
865 460 970 488 Sancti
1002 459 1164 495 Fredaldi,
1196 460 1308 490 cellam

309 528 322 541 ι
347 515 461 546 Sancte
491 515 592 544 Marie
615 514 652 543 de
679 512 854 547 Nabiimis,
883 511 994 541 cellam
1023 512 1129 542 Sancti
1158 514 1241 542 Petri
1272 514 1310 543 de

310 582 322 596 »ι
348 570 501 599 Lebeiaco
517 580 523 604 3
542 567 670 597 castella
687 567 780 595 etiam
798 575 858 604 que
876 565 1052 604 subscripta
1068 570 1188 595 suntet
1207 566 1308 600 villas,

310 634 321 647 n
346 630 418 651 cuin
442 619 601 650 ecclesiis.
621 618 739 656 prediis
756 622 786 646 ct
810 617 1013 656 pertinentiis
1034 619 1110 654 suis,
1135 618 1283 648 videlicet
1301 629 1307 648 2

346 673 553 707 (Iathedrani,
571 672 757 701 Cisaristam
781 675 811 700 ct
834 670 953 707 Almis,
976 675 1005 700 et
1027 672 1182 710 quicquid
1204 672 1311 709 adjus

346 726 457 764 pret‘ati
485 725 668 754 monasterii
695 724 833 762 pertinet
859 724 892 752 in
925 724 1064 760 Pennis,
1093 725 1125 753 in
1155 725 1310 761 Aureolo,

345 779 510 814 Orniono‚
538 778 672 812 Nautis,
699 778 798 813 Lara,
828 777 1012 815 Madalgas,
1039 778 1139 814 Cuia,
1168 778 1309 809 Molina.

347 832 466 869 Signa,
497 831 726 869 Belgensiaco,
754 830 905 865 Solariis,
935 831 1057 867 Oliula,
1084 832 1142 861 Sex
1172 831 1309 868 Furnis,

344 885 459 921 Cuers,
490 884 626 915 Castello
658 885 808 921 llogerii:
837 885 913 914 item
943 885 1064 914 Pennis
1093 885 1131 913 de
1160 884 1308 923 Gairola,

344 939 498 969 Novulas,
521 938 674 967 111-0111010
688 961 695 974 ,
714 938 854 972 11001105,
871 938 1011 968 Olciras.
1031 938 1169 975 Porciis,
1188 938 1311 967 Castel-

343 992 432 1027 laru,
460 992 669 1029 Podfflnigro,
701 991 816 1026 Baida,
845 992 996 1026 Cabazia,
1015 992 1179 1025 Carnolas,
1206 992 1310 1027 Mota,

344 1046 484 1077 Ciliano.
505 1045 648 1076 Cei-alio.
666 1045 847 1081 Grinialdo,
865 1045 1058 1082 Cngullino,
1082 1045 1182 1076 Mola.
1201 1045 1308 1081 Mora,

346 1099 597 1139 l³apia,.Berra,
627 1099 840 1128 Bisaldunum
866 1103 895 1128 01
919 1098 1055 1128 Scallani
1083 1103 1113 1128 et
1136 1098 1310 1129 Castellum

344 1153 471 1182 Novum
500 1152 538 1181 de
569 1152 717 1190 Gigorns.
750 1152 815 1181 Hcc
845 1160 919 1189 ergo
948 1152 1057 1181 omnia
1089 1155 1119 1181 et
1146 1156 1308 1190 preterea,

343 1206 425 1236 sicut
447 1215 541 1244 supra
559 1205 715 1241 diximus,
735 1214 936 1244 quecumque
953 1214 1037 1234 nunc
1053 1205 1148 1234 habet
1162 1209 1257 1243 atque
1275 1205 1309 1233 in

345 1259 498 1294 futurum,
520 1259 585 1288 Deo
600 1258 782 1296 adjuvante,
803 1258 920 1288 habere
935 1258 1116 1295 contigerit,
1133 1259 1166 1287 in
1182 1258 1310 1296 quibus-

342 1312 419 1341 libet
435 1312 528 1341 rebus
548 1311 721 1341 mobilibus
741 1316 769 1340 et
785 1311 1018 1342 immobilibus.
1039 1320 1094 1350 per
1115 1311 1173 1341 hoc
1189 1315 1311 1349 aposto-

342 1365 402 1395 lice
426 1365 623 1394 auctoritatis
646 1364 852 1402 privilegium
876 1364 994 1402 prefato
1021 1365 1213 1394 monasterio
1233 1372 1308 1394 con-

340 1418 506 1447 firmamus
523 1422 552 1446 et
567 1417 824 1453 corroboramus,
844 1426 884 1446 00
903 1417 1023 1447 scilicet
1041 1417 1149 1456 aliqua
1168 1418 1310 1447 humana

343 1471 518 1500 temeritate
537 1470 612 1499 inde
631 1470 754 1509 aliquid
775 1471 952 1501 auferatur.
972 1471 1026 1500 sed
1044 1472 1077 1500 in
1099 1480 1155 1500 sua
1174 1471 1310 1509 integri-

344 1527 402 1553 tate
421 1524 549 1559 omnia,
568 1523 766 1553 custodiente
783 1524 866 1561 Deo,
884 1524 942 1554 sub
963 1529 1014 1554 tua
1031 1528 1221 1563 tuorumque
1238 1533 1308 1554 suc-

340 1587 500 1608 cessorum
524 1577 644 1607 salubri
666 1578 866 1608 ordinatione
888 1587 924 1608 ac
948 1578 1157 1617 dispositione
1182 1587 1308 1617 perma-

341 1635 448 1660 neant.
470 1631 604 1669 Insuper
623 1631 761 1660 eundem
784 1631 1000 1661 venerabilem
1016 1631 1120 1661 locum
1140 1631 1195 1661 tali
1211 1631 1308 1661 etiam

307 1059 319 1073 3
306 1005 319 1019 5
307 951 320 966 S
307 899 319 912 1
307 845 320 859 3
307 792 320 805 3
306 740 317 752 Β
309 687 321 700 *5

302 1112 320 1710 vs=susvesflzz

302 1749 316 1764 ὃ

341 1737 403 1766 dux
433 1746 488 1766 seu
519 1737 662 1767 marchio
690 1737 740 1767 vel
763 1737 1021 1776 archiepiscopus
1046 1742 1100 1767 aut
1125 1738 1306 1777 episcopus,

341 1791 407 1820 sive
425 1790 534 1829 aliqua
550 1791 692 1821 bumana
711 1795 862 1831 potestas,
883 1801 978 1830 super
995 1801 1068 1822 oum
1083 1792 1225 1831 aliquam
1241 1793 1307 1822 vio-

342 1844 473 1874 lentiam
502 1845 551 1874 vel
582 1848 767 1883 potestatem
795 1854 940 1875 exercere
968 1851 1148 1884 presumat,
1180 1855 1285 1885 neque
1300 1870 1307 1884 ,

340 1898 476 1928 obeunte
491 1898 613 1935 abbate,
631 1898 713 1928 alius
729 1899 773 1928 ibi
790 1899 991 1938 quacumque
1008 1900 1202 1938 obreptionis
1219 1905 1308 1931 astu-

343 1951 385 1980 tia
399 1951 576 1987 ordinetur,
597 1951 661 1981 nisi
677 1961 772 1990 quem
791 1952 902 1982 fratres
916 1953 1058 1991 ejusdem
1073 1954 1216 1991 cenobii,
1234 1964 1307 1984 cum

306 2017 317 2028 »
343 2004 508 2034 communi
518 2013 687 2042 consensu,
698 2005 875 2035 secundum
889 2006 1034 2036 timorem
1049 2007 1120 2044 Dei,
1132 2007 1305 2046 elegerint,

342 2061 371 2086 et
388 2057 427 2086 ad
446 2058 698 2088 consecrandum
715 2067 788 2088 eum
804 2059 866 2098 ipsi
882 2059 993 2089 fratres
1016 2060 1170 2090 advocent
1187 2061 1308 2100 episco-

342 2119 416 2148 pum
433 2119 669 2150 quemcumque
683 2111 852 2148 voluerint,
870 2121 927 2142 nec
941 2113 1053 2151 quovis
1065 2113 1158 2144 modo
1171 2115 1308 2153 quisque

340 2163 506 2202 episcopus
522 2173 577 2193 seu
593 2164 850 2203 archiepiscopus
862 2165 930 2196 locu
938 2175 967 2195 m
982 2167 1089 2205 ipsum
1103 2177 1156 2197 seu
1172 2168 1308 2207 capellas

341 2217 553 2255 supradictas,
572 2217 720 2248 videlicet
733 2218 841 2249 Sancti
859 2220 945 2250 Petri
962 2225 992 2250 et
1008 2221 1116 2251 Sancti
1133 2222 1263 2253 Andree
1279 2228 1309 2253 et

342 2270 449 2299 Sancti
466 2270 616 2307 Ferreoli,
627 2271 676 2301 vel
688 2272 888 2311 presbyteros
897 2273 936 2303 ab
944 2274 1055 2304 abbate
1064 2274 1108 2304 ibi
1121 2277 1307 2306 constitutos

342 2323 391 2352 vel
408 2324 581 2354 monachos
590 2325 691 2363 ipsius
706 2327 891 2356 monasterii
907 2329 1184 2359 excommunicare
1196 2329 1244 2359 vel
1255 2331 1307 2369 ju-

341 2376 446 2407 dicare
477 2378 612 2415 audeat,
639 2379 693 2408 sed
721 2388 846 2418 semper
870 2380 929 2410 sub
955 2381 1051 2411 tutela
1076 2386 1106 2412 et
1132 2383 1307 2414 emunitate

340 2440 473 2460 romana
482 2431 774 2471 soliusqueromani
788 2434 1075 2473 pontificisjudicio
1086 2437 1306 2474 consistentes,

304 2497 315 2508 υ
340 2485 550 2523 omnipotenti
563 2486 702 2516 Domino
713 2487 812 2525 quieti
825 2491 854 2517 et
865 2488 969 2517 securi
981 2488 1170 2519 deserviant.
1187 2492 1214 2520 A
1229 2500 1308 2530 quo-

305 2549 317 2563 n
341 2546 476 2576 cumque
493 2539 587 2568 etiam
605 2539 750 2578 episcopo
767 2539 926 2570 voluerint
943 2541 976 2570 iu
999 2550 1078 2580 opus
1096 2545 1307 2575 consecratio-

301 2604 313 2617 »
342 2600 420 2621 num
442 2592 475 2621 in
497 2593 565 2631 ipso
583 2592 650 2623 loco
668 2593 866 2631 agendarum
888 2595 1022 2632 crisma,
1040 2596 1145 2626 oleum
1161 2602 1307 2628 sanctum

304 2656 316 2670 »
340 2649 435 2683 atque
452 2644 560 2675 oleum
576 2646 796 2683 infirmorum,
815 2657 939 2678 necnon
957 2651 1208 2680 consecrationes
1228 2651 1308 2682 alta-

303 2709 316 2723 «
342 2698 426 2727 rium
446 2703 475 2728 et
490 2699 681 2738 capellarum
699 2709 754 2731 seu
770 2701 987 2732 ordinationes
1001 2704 1231 2734 monachornm
1249 2705 1306 2735 tibi

304 2763 317 2777 n
343 2751 466 2789 tuisque
493 2753 728 2783 successoribus
751 2754 791 2784 ob
817 2755 960 2794 ejusdem
983 2757 1106 2786 cenobii
1132 2766 1305 2797 cougrega-

304 2815 317 2829 n
344 2803 421 2833 110111
446 2805 615 2843 apostolica
643 2807 828 2837 auctoritate
853 2809 1094 2840 concedimus...
1123 2811 1192 2840 Dat.
1221 2811 1306 2842 Late·

304 2867 317 2882 »
343 2856 430 2892 rani,
450 2866 497 2886 1111
515 2866 615 2888 nonas
628 2859 716 2900 J'ulii‚
733 2869 790 2898 per
804 2870 921 2891 manus
936 2862 1032 2899 Petri,
1052 2868 1159 2893 sancte
1177 2872 1307 2894 romane

305 2921 318 2935 ιο
343 2909 474 2939 ecclesie
496 2911 674 2950 presbyteri
695 2914 868 2944 cardinalis
890 2924 926 2945 ac
948 2915 1196 2954 bibliothecarii,
1221 2926 1307 2948 anno

305 2974 318 2988 r·
343 2963 477 3001 septimo
499 2964 699 3001 pontificatus
722 2966 822 2996 donni
853 2967 913 2997 Vll
941 2968 1091 3006 Gregorii
1124 2979 1220 3009 pape,
1252 2970 1305 3000 iu-

304 3027 318 3043 »
342 3015 480 3046 dictione
504 3018 644 3047 secunda
668 3031 680 3045 »
705 3019 823 3056 (hi-rs,
851 3022 917 3058 Rey.
951 3023 1035 3052 Pom.
1053 3021 1153 3060 Rom„
1185 3024 1215 3052 2⁴³
1242 3023 1305 3060 ed„

303 3068 403 3107 5134).

304 1961 317 1977 U
303 1909 316 1924 8
303 1856 316 1871 8
302 1803 314 1817 U

303 2442 316 2457 s
302 2389 313 2402 U
302 2336 314 2348 U
301 2282 314 2296 U
303 2228 316 2242 ξ,
303 2175 316 2189 Β
303 2122 315 2136 S
303 2069 316 2083 ὅ

341 1684 485 1714 libertate
507 1684 679 1720 donamus,
706 1689 740 1714 ut
759 1684 870 1714 nullus
888 1685 1060 1723 imperator
1083 1685 1149 1714 sive
1176 1694 1230 1714 rex
1253 1694 1308 1715 seu
1349 1682 1352 1686 ’

1435 473 1447 487 α
1469 460 1668 489 l‘rovisionis
1682 464 1788 489 nostre
1805 459 1934 489 debet...
1949 477 1987 481 —
1999 461 2068 490 Dat.
2085 460 2187 491 Rome
2205 461 2288 499 apud
2305 462 2403 492 Sanc-

1394 519 1455 544 tam
1482 514 1614 543 Mariain
1639 513 1810 551 Majorem,
1830 522 1848 541 n
1868 512 1940 542 idus
1957 513 2130 550 februarii,
2148 522 2234 544 311110
2253 514 2367 553 primo.
2385 527 2398 542 ι
2447 512 2452 514 ’

1463 672 1549 701 527

1429 735 1612 762 Confirmatio
1628 735 1841 770 privilegiorum
1857 735 2030 761 monasterio
2048 735 2146 762 Sancti
2159 736 2286 763 Victoris
2297 736 2403 764 Massi-

1393 784 1476 810 liensi
1491 793 1506 810 a
1522 783 1630 810 Calixto
1643 793 1713 819 papa
1728 784 1753 810 II
1766 792 1982 810 0000055011101.
1996 783 2079 817 (Rea.
2093 785 2135 815 44,
2151 793 2176 811 c.
2191 786 2252 819 341,
2270 785 2288 812 f.
2301 786 2333 812 77
2351 787 2402 820 v⁰.)

1702 672 2064 707 Sainte-Marie-Mnjeure,
2083 673 2113 700 1⁸2
2132 674 2235 700 sevi-ier
2252 674 2330 702 1289.

1434 887 1549 916 Eisdem
1562 886 1730 916 coufirmat
1740 885 1944 924 privilegium
1962 885 2111 923 plumbea
2122 885 2211 916 bulla
2223 887 2401 926 munitum,

1395 940 1573 978 supradicto
1589 940 1782 969 monasterio
1793 949 1810 969 a
1824 939 1940 969 Calisto
1957 948 2036 978 papa
2052 939 2082 969 11
2094 948 2294 977 concessum,
2309 941 2401 980 cujus
2430 928 2434 968 J
2472 955 2474 963 ,

1395 997 1485 1022 tenor
1504 993 1575 1022 talis
1592 998 1638 1022 051
1658 1003 1664 1022 ;

1436 1057 1449 1072 α
1476 1045 1613 1075 Calistus
1645 1047 1808 1084 episcopus
1837 1055 1947 1075 servus
1976 1053 2141 1075 servorum
2170 1046 2238 1076 Dei.
2279 1045 2402 1078 Dilecto

1435 1098 1500 1128 filio
1527 1098 1682 1132 Rodulso.
1711 1099 1815 1128 abbati
1845 1098 2039 1128 venerabilis
2068 1098 2259 1128 monasterii
2293 1099 2429 1130 Sancti-

1436 1152 1570 1182 Victoris
1599 1152 1824 1187 Massiliensis,
1857 1153 1989 1191 ejusque
2013 1152 2252 1182 successoribus
2277 1151 2403 1191 regula-

1435 1205 1753 1236 ritersubstituendis
1771 1206 1804 1235 in
1823 1210 2025 1245 perpetuum.
2042 1205 2222 1244 Apostolice
2234 1205 2317 1236 sedis
2331 1214 2404 1237 auo—
2435 1244 2438 1252 ,
2472 1213 2474 1220 '

1436 1259 1596 1289 toritatem.
1618 1260 1767 1289 Petitioni
1786 1263 1837 1289 tue
1858 1259 2037 1289 clementer
2053 1259 2232 1289 annuimus
2248 1263 2279 1290 et
2296 1259 2404 1290 Sancti
2468 1245 2470 1254 ‚

1434 1312 1605 1342 Salvatoris
1622 1313 1869 1349 monasterium,
1888 1313 1921 1341 in
1940 1312 2007 1342 loco
2025 1313 2080 1351 qui
2099 1313 2271 1349 Quiriacus
2286 1312 2405 1343 dicitur
2425 1318 2438 1337 1·'
2468 1322 2469 1326 ¹

1435 1366 1548 1403 situm,
1576 1366 1673 1404 quod,
1698 1365 1919 1405 predecessore
1938 1370 1991 1395 tuo
2007 1366 2174 1403 Hic-camo,
2195 1369 2272 1396 tunc
2287 1365 2404 1396 Massi*
2432 1399 2433 1402 Ἰ

1434 1420 1529 1449 110051
1554 1420 1676 1456 abbate,
1703 1424 1832 1458 rogante
1855 1424 1885 1450 et
1911 1420 2041 1449 domino
2066 1424 2266 1450 antecessore
2293 1423 2434 1451 nostro

1435 1478 1542 1503 sancte
1558 1473 1713 1503 memorie
1730 1473 1861 1504 Urbano
1879 1482 1975 1512 papa,
1994 1473 2049 1511 qui
2066 1482 2101 1512 p1
2104 1482 2197 1503 esens
2216 1473 2261 1503 ibi
2280 1472 2403 1510 aderat
2421 1459 2440 1511 ’ζ

1431 1525 1584 1563 jubente,
1605 1534 1624 1554 a
1643 1533 1740 1564 quam
1758 1524 1906 1563 plurimis
1922 1525 2172 1563 archiepiscopis
2189 1529 2219 1555 et
2236 1524 2402 1564 episcopis,
2426 1522 2445 1562 ζ

1435 1578 1502 1608 vice
1520 1579 1621 1617 ipsius
1641 1578 1780 1615 domini,
1799 1579 1980 1608 dedicatum
2001 1583 2065 1615 est,
2086 1587 2160 1609 cum
2180 1579 2333 1609 omnibus
2348 1586 2401 1609 ec·
2426 1591 2438 1599 -r
2466 1599 2468 1603 ψ

1434 1632 1553 1669 clesiis,
1583 1632 1676 1662 terris
1701 1637 1731 1662 et
1760 1633 2013 1671 possessionibus
2033 1634 2102 1672 ejus
2117 1657 2124 1669 ,
2147 1633 2191 1662 ita
2207 1632 2349 1663 liberum
2373 1636 2406 1664 et
2427 1646 2440 1677 χ

1434 1687 1580 1725 quietum
1606 1686 1663 1715 tibi
1683 1695 1718 1716 ac
1743 1686 1978 1716 successoribus
2003 1686 2064 1715 tuis
2083 1690 2113 1716 ot
2131 1695 2187 1725 per
2208 1695 2262 1717 vos
2286 1686 2403 1717 Massi-
2425 1687 2438 1726 3'

1434 1739 1530 1769 1101151
1541 1739 1674 1770 cenobio
1691 1748 1876 1778 permanere
1893 1740 2083 1776 sanctimus,
2099 1739 2182 1769 sicut
2194 1739 2300 1779 ipsum
2317 1748 2336 1770 a
2353 1739 2404 1770 die
2423 1749 2437 1777 ·,

1433 1793 1679 1822 consecrationis
1696 1802 1769 1830 sue,
1794 1793 1880 1822 idem
1899 1793 2073 1823 Riccardus
2095 1797 2126 1823 et
2148 1793 2261 1823 fratres
2286 1793 2403 1823 Massi·
2423 1819 2429 1829 ,

1434 1846 1552 1877 11011505
1573 1847 1712 1876 10001550
1729 1850 1917 1876 noscuntur.
1935 1846 1994 1876 Cui
2019 1846 2176 1876 nimirum
2199 1846 2436 1895 Quiriacensi3'

1432 1901 1625 1931 monasterio
1642 1900 1813 1951 dignitates
1829 1909 1940 1930 omnes
1956 1904 1986 1929 et
1999 1900 2162 1930 libertates
2177 1908 2257 1939 quas
2279 1909 2298 1930 a
2314 1900 2412 1941 prin-U
2423 1903 2433 1944 {-

1433 1955 1512 1994 cipio
1529 1954 1726 1984 fundationis
1742 1963 1798 1983 sue
1816 1953 1974 1986 obtinuit,
1999 1962 2056 1983 nos
2078 1962 2134 1992 per
2155 1953 2314 1992 presentis
2333 1953 2401 1993 pri·
2427 1941 2435 1957 ’

1433 2009 1545 2047 vilegii
1562 2008 1713 2048 paginam
1729 2007 1872 2037 confirm·
1867 2016 1970 2044 111105,
1987 2010 2160 2037 statuentes
2177 2010 2213 2036 ut
2226 2007 2328 2045 ipsius
2342 2006 2433 2038 1οοί
2419 2028 2430 2047 ,
2462 1998 2468 2045 ,’

1432 2063 1545 2092 fratres
1567 2062 1700 2098 crisma,
1721 2060 1829 2091 oleum
1853 2065 1973 2090 sanctu
1969 2070 2016 2096 11
2044 2061 2302 2090 consecrationes
2323 2059 2433 2100 alta-1>
2462 2057 2466 2073 ²'

1433 2116 1519 2145 rium
1546 2115 1612 2145 sive
1636 2103 1843 2145 basilicarum
1869 2118 1898 2144 et
1929 2114 2148 2144 ordinationes
2170 2113 2403 2144 monachorum

1433 2169 1483 2200 vel
1498 2169 1687 2200 clericorum
1702 2168 1742 2198 ab
1758 2169 1902 2207 episcopo
1923 2167 2091 2197 diocesano
2106 2167 2284 2206 accipiant,
2304 2167 2331 2197 si
2347 2175 2402 2198 ca-
2421 2173 2429 2197 t
2460 2169 2462 2173 '

1433 2223 1569 2254 tholicus
1586 2222 1682 2252 tuerit
1695 2227 1725 2252 et
1741 2222 1768 2251 si
1781 2231 1818 2251 ea
1833 2221 1931 2259 gratis
1948 2225 1978 2250 ct
1993 2221 2113 2259 absque
2131 2220 2222 2251 omni
2238 2220 2438 2352 exactione}

1397 1698 1409 1713 δ
1397 1644 1409 1659 ³
1398 1590 1410 1605 3
1394 1537 1407 1551 Β
1394 1485 1407 1500 υ
1397 1432 1410 1447 S
1397 1377 1410 1392 θ
1396 1325 1409 1339 S
1397 1271 1409 1286 δ
1396 1218 1409 1232 δ
1397 1163 1409 1178 Β
1397 1110 1409 1125 S

1396 1752 1409 1766 ὅ

1433 2277 1567 2308 voluerit
1584 2275 1750 2313 exhibere3
1768 2275 1929 2314 alioquin,
1948 2283 2002 2313 pro
2021 2273 2208 2304 eorumdem
2224 2282 2403 2304 sacramen-

1435 2337 1537 2362 torum
1555 2329 1771 2368 susceptione,
1791 2328 1984 2358 catholicum
2002 2336 2098 2366 quem
2116 2326 2291 2358 maluerint
2304 2326 2402 2357 antis-
2458 2359 2462 2373 ζ,

1434 2385 1522 2414 titem
1544 2383 1674 2417 adeant,
1695 2382 1751 2422 qui
1764 2405 1772 2420 ,
1798 2381 1966 2420 apostolice
1982 2380 2067 2411 sedis
2085 2379 2184 2411 fultus
2201 2375 2412 2418 auctoritate,'
2458 2380 2460 2385 '

1432 2437 1517 2477 quod
1534 2436 1711 2476 postulatur
1727 2435 1910 2473 indulgeat;
1937 2443 1995 2464 nec
2010 2433 2100 2464 illius
2123 2433 2312 2464 monasterii
2331 2440 2401 2464 mo·-

1431 2491 1527 2521 naehi
1541 2490 1581 2520 ad
1603 2489 1803 2519 Mimatensis
1821 2488 1957 2527 episcopi
1976 2486 2151 2518 concilium
2170 2487 2219 2517 ire
2234 2490 2399 2525 cogantur„
2456 2522 2458 2526 .

1432 2544 1636 2583 Sepulturam
1651 2551 1726 2573 vero
1741 2543 1842 2582 ipsius
1858 2542 1919 2571 loci
1937 2541 2070 2572 omnino
2088 2540 2225 2571 liberam
2239 2549 2309 2571 esse
2323 2543 2425 2571 cen-⁴
2456 2534 2462 2558 =‘'

1431 2607 1559 2635 semus,
1576 2602 1610 2628 ut
1633 2605 1746 2627 eorum
1767 2597 1822 2636 qui
1839 2596 1905 2626 illic
1923 2595 2065 2635 sepelliri
2081 2595 2331 2625 deliberaverint
2346 2584 2427 2628 (le-⁸:-
2456 2582 2464 2604 '

1431 2652 1549 2682 votioni
1566 2655 1596 2682 et
1610 2655 1750 2681 extreme
1767 2649 1941 2687 voluntati,
1958 2650 2020 2679 nisi
2036 2649 2117 2680 forte
2131 2649 2170 2679 ab
2185 2649 2331 2688 episcopo
2345 2619 2425 2707 11Νὲ

1430 2705 1549 2744 patenti
1565 2704 1658 2743 culpa
1673 2703 1941 2735 excommunicati
1959 2700 2024 2733 sint
2036 2726 2043 2739 ,
2062 2701 2171 2732 nullus
2188 2701 2334 2732 obsistat.
2350 2698 2427 2781 Aa}
2454 2690 2456 2695 ³

1430 2759 1585 2798 majorem
1602 2766 1729 2797 quoque
1750 2758 1852 2796 ipsius
1870 2756 2055 2787 monasterii
2079 2755 2260 2786 libertatem
2280 2758 2312 2785 et
2327 2761 2422 2824 pre-e
2447 2747 2474 2799 J(

1429 2812 1506 2841 dicti
1522 2811 1632 2842 domni
1650 2811 1749 2841 nostri
1770 2810 1896 2841 Urbani
1919 2818 1998 2849 pape
2020 2794 2422 2845 101101001111111,00115114Λ

1430 2865 1549 2895 tuimus
1565 2869 1601 2894 ut
1621 2864 1724 2901 nulli,
1751 2864 1813 2894 nisi
1833 2872 1966 2894 romano
1990 2862 2134 2902 pontifici
2158 2865 2188 2892 et
2210 2860 2314 2900 legato
2332 2845 2420 2910 0]οοζῖ

1429 2918 1480 2948 001
1489 2917 1682 2957 specialiter
1675 2926 1742 2957 ipse
1752 2917 1948 2957 permiserit
1959 2915 2092 2946 facultas
2107 2915 2147 2945 sit
2157 2914 2192 2945 in
2204 2913 2340 2945 eandem
2349 2912 2418 2944 θῦμ’·

1391 2983 1404 2998 »
1429 2971 1560 3001 clesiam
1572 2971 1681 3002 Sancti
1691 2971 1864 3002 Salvatoris
1880 2968 2224 3000 excommunicationis
2238 2967 2288 2998 vel
2303 2966 2406 2998 etiam

1391 3036 1403 3051 n
1427 3024 1665 3055 interdictionis
1683 3025 1825 3064 proferre
1843 3023 2046 3054 sententiam.
2066 3021 2187 3052 Nullus
2204 3021 2300 3052 etiam
2316 3014 2413 3060 epis-f

1391 3089 1403 3104 n
1427 3085 1523 3116 copus
1539 3078 1687 3109 homines
1702 3078 1736 3108 in
1750 3078 1861 3109 eodem
1880 3076 2074 3108 monasterio
2090 3075 2142 3106 vel
2159 3079 2221 3105 tota
2235 3073 2399 3113 adjacente

1391 2931 1404 2945 ὅ
1391 2877 1404 2892 8
1391 2824 1404 2839 5
1392 2771 1405 2786 ³
1392 2717 1405 2732 5
1393 2664 1405 2680 S
1393 2611 1406 2626 3
1394 2557 1407 2573 8
1394 2504 1407 2519 ὃ
1394 2451 1407 2466 ὅ
1395 2397 1408 2411 3
1396 2344 1408 2358 ὅ
1395 2291 1408 2305 S
1395 2236 1408 2251 ὅ
1392 2183 1404 2196 3
1395 2125 1409 2145 U
1394 2075 1408 2089 δ
1395 2021 1408 2036 δ
1395 1967 1408 1981 :5
1395 1913 1408 1928 ³
1396 1859 1408 1874 ³
