2342 3652
929 352 1161 390 TnoisinMn
1182 351 1339 391 ANNEE.
2123 363 2180 393 513

89 433 219 469 Albani,
236 430 424 461 Tiburtinae
439 429 604 459 dioecesis.
626 428 698 457 Dat.
715 428 798 466 apud
814 428 1091 463 Urbemveterem,

88 496 109 517 11
125 486 198 516 idus
213 482 413 522 septembris,
435 490 521 511 anno
537 482 637 511 tertio.
655 481 761 520 (Ibid.)

574 560 700 593 Orvieto,
716 561 746 588 13
762 561 926 595 septembre
944 561 1021 588 1290.

128 628 167 657 In
182 636 209 656 e.
227 634 271 655 m.
293 647 313 655 ..
331 624 498 663 priorissae
522 627 552 653 et
570 624 742 653 conventui
761 624 944 654 monasterii
961 624 1095 653 Sanctae

92 681 209 712 Mariae
221 679 260 708 de
274 679 356 707 Pino
370 678 405 707 in
417 677 584 707 Suburbiis
602 677 768 706 Ferrarien
775 677 829 713 sis,
840 686 894 716 per
911 677 1094 715 priorissam

93 733 175 766 soliti
201 731 390 771 gubernari,
417 730 457 760 ad
485 739 651 760 romanam
679 730 845 759 ecclesiam
876 729 964 759 nullo
991 729 1097 758 medio

92 785 296 827 pertinentiS,
319 783 442 814 ordinis
468 782 499 812 S.
525 783 716 820 Augustini,
740 791 795 820 pro
817 791 928 812 earum
951 781 1095 811 ecclesia.

93 840 164 870 Dat.
181 837 264 877 apud
278 837 553 872 Urbemveterem,
567 836 673 866 idibus
685 836 884 874 septembris,
896 844 982 864 anno
995 835 1095 864 tertio.

92 891 195 934 (Ibid.)

575 941 701 973 Orvieto‚
721 942 752 967 13
768 941 930 976 septembre
949 940 1026 967 1290.

132 1008 171 1038 In
187 1015 215 1036 e.
234 1015 277 1035 m.
296 1005 467 1036 Universis
485 1009 557 1040 etc,
575 1013 631 1043 pro
650 1004 783 1034 ecclesia
802 1004 910 1033 Sancti
925 1003 1037 1033 Jacobi
1060 1003 1098 1032 de

94 1060 226 1097 Rivisio,
244 1058 434 1089 Venetensis
445 1058 608 1088 dioecesis.
629 1058 697 1086 Dat.
718 1057 802 1095 apud
818 1057 1096 1091 Urbemveterem‚

93 1113 198 1145 idibus
215 1112 419 1152 septembris,
437 1120 522 1141 anno
539 1111 640 1140 tertio.
659 1111 762 1149 (Ibicl.)

578 1191 705 1223 Orvieto,
723 1192 753 1217 17
770 1191 932 1226 septembre
950 1191 1026 1219 1‘290.

133 1258 171 1288 In
194 1266 221 1287 e.
250 1265 306 1294 m.,
333 1264 390 1295 pro
416 1255 548 1285 ecclesia
578 1278 597 1285 ..
624 1254 739 1293 prioris
766 1258 796 1283 et
824 1254 956 1283 fratrum
979 1254 1100 1283 ordinis

96 1311 210 1341 Beatae
233 1310 352 1340 Mariae
373 1309 412 1339 de
438 1302 546 1338 Monte
573 1307 714 1339 Carmeli
739 1307 777 1336 de
801 1308 962 1345 Trapano,
996 1307 1098 1335 Maza-

95 1363 211 1394 riensis
227 1363 390 1393 dioecesis.
409 1363 481 1392 Dat.
501 1362 583 1400 apud
601 1362 876 1394 Urbemveterem,
895 1370 933 1389 xv
948 1359 1101 1389 kalendas

95 1416 242 1454 octobris,
259 1424 345 1446 anno
363 1416 463 1446 tertio.
483 1416 583 1453 (Ibid.;
602 1415 739 1450 POTTH.,
759 1414 880 1452 23406.)

581 1495 707 1526 Orvieto,
725 1495 759 1521 22
775 1494 936 1529 septembre
953 1494 1030 1521 1290.

137 1560 175 1590 In
188 1568 216 1589 e.
230 1568 289 1596 m.‚
306 1568 361 1599 pro
377 1559 510 1589 ecclesia
523 1559 631 1589 Sancti
648 1557 765 1595 Angeli
782 1558 912 1587 Sor-ana.
930 1558 1000 1586 Dat.
1018 1558 1101 1595 apud

99 1613 376 1650 Urbemveterem,
394 1622 413 1642 x
429 1612 583 1642 kalendas
601 1611 756 1647 octobris,
777 1619 862 1640 anno
879 1611 979 1640 tertio.
998 1610 1102 1649 (Ibtd.)

165 1772 285 1802 3209

131 1835 177 1862 Ad
201 1834 353 1861 ecclesiam
374 1836 403 1860 et
423 1833 524 1859 domos
547 1833 728 1867 episcopales
747 1832 872 1858 civitatis
886 1831 983 1857 Sancti
998 1830 1102 1865 Angeli

97 1883 314 1912 construendas.
331 1883 414 1916 (Rs-20.
431 1882 475 1915 45,
492 1890 517 1909 c.
536 1881 595 1912 388,
614 1882 633 1909 f.
652 1882 683 1908 77
702 1883 749 1914 ro.)

668 1770 795 1803 Orvieto‚
810 1770 827 1796 .7
839 1769 934 1803 juillet
953 1769 1029 1796 1290.

140 2002 159 2010 ..
171 1981 303 2018 episcopo
315 1979 597 2014 Forosmfroniensi
613 1977 744 2006 mandat
759 1981 928 2015 quatenus,
943 1977 1103 2006 civitatem

98 2021 337 2070 Sancti-Angeli
356 2031 478 2070 papalis
493 2032 617 2067 adiens,
637 2054 657 2062 ..
676 2031 820 2069 episcopo
837 2035 867 2060 et
886 2031 1021 2069 capitulo
1038 2035 1103 2059 tan-

99 2091 163 2116 turn
186 2085 306 2116 terreni
328 2086 487 2124 assignari
505 2085 599 2114 faciat
623 2089 657 2114 ut
677 2090 806 2114 centum
823 2089 852 2113 et
868 2083 1103 2122 quinquaginta

97 2140 190 2179 pedes
214 2140 250 2169 in
274 2139 514 2177 longitudinem
538 2143 569 2168 et
591 2138 794 2168 latitudinem
819 2137 859 2167 ad
885 2137 1049 2167 ecclesiam
1074 2140 1103 2165 et

98 2193 294 2224 tantumdem
315 2193 355 2223 ad
376 2193 486 2223 domos
505 2196 534 2221 et
549 2192 694 2222 officinas
712 2191 849 2229 episcopi
873 2189 1102 2220 construendas
1120 2231 1122 2233 v

97 2245 242 2276 habeant.

137 2311 150 2328 u
170 2299 408 2338 Exponentibus
424 2298 501 2328 olim
518 2299 645 2328 nobis...
670 2315 708 2321 —
733 2298 803 2327 Dat.
823 2297 906 2336 apud
925 2297 1101 2327 Urbemve—

97 2357 206 2389 terem,
225 2352 319 2383 nonis
332 2351 416 2391 julii,
439 2360 525 2381 anno
543 2351 645 2381 tertio.
669 2363 681 2377 n

166 2504 283 2534 3210

134 2567 274 2593 Alienatio
291 2567 431 2593 bonorum
448 2566 612 2592 monasterii
635 2566 732 2592 Sancti
756 2565 836 2592 Pauli
856 2565 889 2591 de
910 2564 994 2591 Urbe.
1017 2564 1100 2596 (ltsc.

99 2615 140 2646 45,
158 2623 183 2642 c.
200 2615 261 2648 389,
277 2616 296 2642 f.
315 2616 346 2642 77
362 2617 411 2645 ro.)

595 2503 721 2535 Orvieto,
740 2505 753 2530 4
771 2503 933 2538 septembre
952 2502 1030 2528 two.

142 2733 161 2739 ..
179 2711 310 2749 episcopo
327 2711 418 2740 Esino
438 2710 569 2739 mandat
589 2715 622 2739 ut
639 2733 659 2739 ..
679 2710 785 2739 abbati
802 2714 832 2739 et
847 2709 1019 2739 conventui
1036 2716 1103 2738 mo-

101 2763 231 2793 nasterii
256 2763 365 2793 Sancti
393 2763 485 2793 Pauli
515 2763 554 2793 de
576 2764 662 2794 Urbe
691 2763 855 2792 licentiam
885 2761 1104 2792 commutandi

101 2816 252 2855 quasdam
268 2817 491 2855 possessiones,
505 2817 756 2855 possessionibus
773 2816 890 2846 nobilis
908 2815 968 2845 viri
979 2815 1106 2844 Floren-

103 2869 150 2905 tii,
170 2869 247 2899 civis
266 2870 419 2906 Romani,
437 2870 617 2907 contiguas,
638 2878 711 2899 cum
729 2869 800 2898 aliis
821 2868 963 2907 ejusdem
989 2867 1105 2897 nobilis

102 2920 264 2960 largiatur.

142 2987 156 3002 α
175 2975 433 3014 Supplicantibus
448 2976 539 3005 nobis
556 2975 716 3005 dudum...
730 2991 770 2997 —
782 2976 852 3004 Dat.
871 2974 953 3013 apud
973 2974 1106 3004 Urbem-

103 3033 251 3066 veterem,
270 3039 290 3058 11
310 3038 410 3059 nonas
427 3029 626 3068 septembris,
645 3037 731 3058 anno
748 3029 849 3058 tertio.
871 3040 883 3054 n

242 3095 314 3123 Rau.
336 3095 459 3122 Nicoms
480 3095 532 3121 1v.

1246 428 1361 456 321¹

1212 488 1345 515 Facultas
1362 490 1513 516 exercendi
1536 499 1586 524 per
1602 491 1688 516 alium
1709 490 1879 516 durantibus
1898 490 2068 524 quibusdam
2086 491 2181 517 inimi-

1177 537 1252 564 citiis
1270 537 1442 564 visitationis
1458 539 1591 565 officium.
1609 538 1691 572 (Rsc.
1711 539 1751 569 45,
1770 546 1795 566 c.
1814 539 1873 569 390,
1891 538 1910 564 f.
1928 540 1959 565 77
1977 540 2023 572 ro.)

1675 428 1800 461 Orviet0,
1820 429 1834 454 5
1850 428 2013 462 septembre
2031 428 2108 455 1290.

1220 638 1388 675 Gulllelmo,
1408 641 1539 677 episcopo
1560 640 1763 669 Cabilonensi.

1221 704 1233 718 ι(
1251 693 1409 722 Intimasti
1426 693 1516 723 nobis
1529 694 1651 732 quod...
1665 711 1704 716 —
1718 694 1787 723 Dat.
1805 694 1889 732 apud
1904 694 2178 731 Urbemveterem,

1179 746 1275 775 nonis
1291 746 1488 784 septembris,
1504 755 1590 776 anno
1608 747 1708 776 tertio.
1729 759 1742 773 >³

1250 911 1371 939 3212

1216 973 1260 999 Ad
1278 973 1450 999 solutionem
1466 973 1625 999 debitorum
1643 973 1805 999 monasterii
1822 973 1856 999 de
1868 973 1963 1000 Monte
1980 974 2076 1000 Sancti
2093 973 2185 1006 Quin-

1181 1022 1241 1048 tini.
1259 1021 1342 1055 (Rnc.
1360 1022 1403 1051 45,
1421 1030 1444 1048 c.
1464 1022 1524 1051 391,
1542 1022 1559 1048 f.
1579 1023 1609 1048 77
1629 1024 1676 1050 νο.)

1681 911 1807 945 Orvieto,
1825 913 1839 938 5
1855 913 2017 946 septembre
2037 912 2111 939 1290.

1220 1123 1362 1153 Druarclo
1378 1125 1411 1153 de
1426 1125 1540 1159 Achles,
1558 1125 1703 1153 canonico
1720 1124 1834 1153 ecclesie
1850 1125 1955 1154 Sancti
1972 1125 2079 1154 Fursei
2095 1126 2184 1154 Pero-

1180 1177 1292 1211 nensis,
1309 1176 1516 1205 Novi'omensis
1536 1177 1675 1212 diocesis,
1697 1175 1827 1205 mandat
1844 1181 2002 1214 quatenus
2018 1177 2140 1206 fructus
2157 1181 2186 1207 et

1180 1229 1324 1258 redditus
1353 1229 1539 1258 monasterii
1570 1229 1608 1258 de
1636 1229 1744 1258 Monte
1775 1229 1883 1259 Sancti
1908 1230 2067 1266 Qnintini,
2095 1230 2186 1269 juxta

1181 1282 1355 1318 Peronam,
1377 1282 1498 1312 ordinis
1519 1282 1551 1311 S.
1578 1283 1755 1319 Benedicti,
1777 1282 1884 1320 colligi
1912 1283 2050 1320 faciens,
2080 1293 2116 1313 ex
2141 1284 2186 1313 eis

1181 1335 1286 1365 debita
1302 1335 1444 1374 ejusdem
1461 1335 1648 1365 monasterii
1665 1335 1774 1365 solvat.

1223 1401 1236 1415 κ
1254 1389 1303 1418 Ad
1319 1388 1516 1418 audientiam
1536 1393 1714 1418 nostram...
1735 1405 1771 1411 —
1789 1389 1859 1418 Dat.
1877 1393 1911 1418 ut
1927 1398 2032 1428 supra.
2052 1402 2065 1416 n

1253 1562 1370 1590 3213

1218 1623 1311 1660 Super
1327 1624 1484 1658 pluralitate
1501 1623 1716 1659 beneficiorum.
1736 1623 1817 1655 (Res.
1839 1623 1887 1654 45,
1908 1631 1934 1649 c.
1953 1623 2019 1654 392,
2040 1623 2059 1649 f.
2085 1625 2117 1650 77
2135 1625 2186 1656 νῦ.)

1658 1561 1785 1594 Orvieto,
1804 1561 1842 1587 1²¹·
1856 1561 2019 1595 septembre
2037 1561 2115 1588 1290.

1222 1727 1323 1763 Petro,
1343 1727 1451 1755 decano
1472 1727 1587 1755 ecclesie
1604 1726 1803 1762 Lsncopensis.
1820 1725 1901 1754 Cum
1922 1733 1958 1754 eo
1977 1725 2137 1763 dispensat
2154 1730 2188 1755 ut

1183 1780 1304 1809 fructus
1321 1779 1527 1809 ecclesiarum
1541 1779 1651 1808 Sancti
1661 1779 1748 1807 Petri
1764 1778 1802 1807 de
1815 1778 1947 1808 Lodosio
1964 1782 1994 1808 et
2008 1778 2046 1807 de
2059 1778 2187 1808 Medhe-

1183 1834 1268 1869 loso,
1287 1833 1451 1863 Scarensis
1470 1837 1501 1862 et
1523 1832 1765 1869 Strenginensis
1784 1832 1993 1869 dioecesium,
2020 1841 2098 1870 quas
2120 1833 2188 1862 sine

1183 1886 1421 1925 dispensatione
1440 1885 1580 1915 detinuit
1596 1889 1626 1914 et
1643 1889 1750 1922 postea
1768 1885 1902 1921 dimisit,
1919 1885 2057 1914 retinere
2075 1884 2186 1922 valeat,

1183 1939 1355 1970 dummodo
1376 1938 1537 1977 quandam
1555 1942 1676 1975 partem
1693 1937 1853 1967 fructuum
1873 1947 1908 1966 ex
1923 1938 1968 1966 eis
1980 1938 2047 1975 jam
2061 1946 2189 1976 percep-

1184 1998 1287 2023 torum
1303 1993 1343 2022 ad
1359 1991 1527 2022 utilitatem
1544 1999 1655 2019 earum
1672 1999 1729 2019 con
1737 1993 1845 2019 vertat.

1225 2058 1238 2072 α
1266 2046 1413 2075 Porrecta
1434 2045 1524 2074 nobis
1547 2053 1622 2073 ex...
1646 2060 1686 2066 —
1708 2044 1778 2073 Dat.
1801 2044 1884 2082 apud
1906 2043 2188 2080 Urbemveterem,

1183 2099 1330 2129 kalendis
1348 2098 1546 2137 septembris,
1566 2106 1652 2127 anno
1671 2098 1772 2126 tertio.
1792 2109 1805 2124 n

1253 2265 1512 2293 3214-3215

1221 2329 1374 2355 Personam
1397 2332 1424 2353 et
1445 2327 1518 2352 bona
1542 2326 1655 2360 reginae
1677 2325 1815 2352 Castellae
1838 2329 1865 2351 et
1888 2325 2023 2359 Legionis
2044 2325 2098 2351 sub
2118 2325 2191 2350 beati

1183 2378 1259 2404 Petri
1274 2377 1450 2412 protectione
1467 2376 1599 2410 suscipit.
1621 2375 1701 2407 (Rae.
1720 2375 1762 2405 45,
1781 2383 1805 2400 c,
1824 2374 1884 2407 393,
1902 2375 1920 2400 f,
1939 2375 1971 2400 77
1987 2375 2039 2406 vo.)

1684 2264 1810 2293 Orvieto,
1829 2264 1843 2289 S
1861 2263 2024 2297 septembre
2042 2262 2119 2289 1290.

1228 2481 1354 2515 Yolense,
1373 2481 1474 2516 reylne
1489 2477 1610 2507 Castelle
1629 2486 1662 2507 ac
1678 2478 1815 2514 Lemanis
1830 2476 1957 2505 illustri.

1224 2545 1236 2560 «
1254 2533 1370 2570 Magne
1389 2532 1568 2561 devotionis
1584 2532 1753 2561 affectus...
1771 2547 1807 2550 —
1826 2531 1896 2559 Dat.
1915 2529 2000 2567 apud
2018 2529 2193 2559 Urbemve-

1185 2591 1293 2622 terem,
1311 2596 1341 2615 VI
1358 2586 1430 2614 idus
1447 2585 1645 2623 septembris,
1669 2592 1754 2613 anno
1773 2583 1875 2612 tertio.
1897 2595 1909 2609 n

1223 2641 1260 2669 In
1286 2649 1312 2669 e.
1339 2648 1382 2668 m.
1409 2663 1426 2669 ..
1449 2638 1568 2668 decano
1589 2637 1739 2667 ecclesiae
1762 2626 1977 2674 Egitaniensis
2001 2634 2131 2664 mandat
2158 2638 2190 2663 ut

1184 2695 1358 2725 Yolensam
1374 2694 1534 2724 molestari
1552 2702 1616 2723 non
1634 2693 1803 2731 permittat.

1256 2860 1376 2889 321ss

1224 2922 1264 2949 De
1281 2922 1382 2949 eodem
1398 2921 1521 2956 negotio.
1538 2921 1621 2954 (iim.
1639 2921 1683 2954 45,
1702 2929 1727 2946 e.
1747 2920 1807 2951 394,
1825 2920 1843 2946 f.
1862 2919 1893 2945 77
1911 2919 1962 2950 νῦ.)

1679 2858 1806 2887 Orviet0‚
1828 2857 1842 2883 8
1859 2856 2022 2891 septembre
2044 2855 2120 2882 1990.

1231 3049 1248 3054 ..
1269 3026 1400 3064 episcopo
1416 3025 1615 3062 Eyiccmiensi.
1635 3023 1716 3053 Eum
1736 3026 1825 3060 rogat
1842 3026 1876 3051 ut
1891 3021 2071 3051 detentores
2089 3021 2191 3050 bono-

2018 3087 2052 3114 65
