2342 3652
915 369 1142 410 DEUXIEME
1163 371 1318 407 ANNEE.
2109 380 2164 410 ς135

126 462 141 478 ι
158 448 331 486 Illegitime
346 447 471 484 genitos
489 455 605 484 quos...
623 462 662 467 -
677 446 748 475 Dat.
771 446 886 482 Reate,
902 454 920 474 x
935 444 1088 474 kalendas

85 502 226 542 augusti,
244 508 329 530 anno
344 499 493 530 secundo.
514 510 526 524 n

158 674 177 702 1
188 675 208 702 Ι
221 673 278 702 23
710 670 797 701 Rieti,
815 670 848 696 ‘23
864 670 920 696 mai
938 669 1013 696 1289.

120 736 305 771 Dispensatio
323 734 503 760 residentiae.
523 732 605 766 (Rae.
623 733 666 766 44,
683 741 707 759 c.
731 732 791 763 338,
809 733 827 758 s.
847 733 895 759 179
911 734 957 764 r0.)

125 839 267 875 Maqz‘stro
289 837 396 865 Thome
410 836 444 864 de
459 835 608 868 Hendone,
626 835 770 864 canonico
789 835 905 863 ecclesie
923 833 1085 863 Eboracen-

84 892 136 922 sis.
153 902 167 917 «
188 888 302 918 Petitio
318 892 369 916 tua
386 887 477 917 uobis
496 886 635 916 exhibita
652 885 837 915 continebat
852 885 936 923 quod
953 884 1030 914 olim
1047 885 1087 913 se-

84 943 153 975 licis
169 941 397 972 recordationis
414 940 564 970 Nicolaus
582 948 661 978 papa
676 940 737 974 III,
756 939 955 978 predecessor
970 943 1085 975 noster,

85 996 178 1029 certis
193 995 411 1025 executoribus
428 1003 482 1032 per
495 1002 567 1023 suas
583 993 642 1023 sub
655 996 739 1022 certa
755 992 855 1022 forma
869 992 955 1021 dedit
967 992 1088 1021 litteras

84 1049 120 1080 in
142 1047 299 1078 mandatis
323 1051 357 1076 ut
377 1046 599 1076 canonicatum
625 1050 655 1075 et
679 1045 874 1084 prebendam
899 1053 978 1083 quos
1000 1045 1086 1074 idem

83 1102 284 1143 predecessor
308 1099 561 1129 in'Eboracensi
585 1098 716 1128 ecclesia
741 1098 950 1137 promotionis
976 1107 1032 1127 sue
1047 1098 1086 1127 ad

84 1155 202 1195 apicem
231 1153 350 1183 summi
380 1153 571 1191 apostolatus
600 1157 740 1190 tempore
764 1151 927 1181 obtinebat
953 1160 1086 1190 persone

83 1208 216 1249 ydonee,
231 1207 265 1236 in
282 1207 393 1236 eadem
407 1206 540 1236 ecclesia
557 1205 766 1244 personaliter
774 1205 940 1240 residenti,
951 1205 989 1234 ad
1003 1205 1086 1243 quod

83 1262 186 1301 ipsum
204 1261 339 1298 astringi
357 1259 473 1296 voluit,
491 1260 646 1299 corporali
662 1269 757 1298 super
772 1259 831 1289 hoc
846 1259 885 1288 ab
902 1268 937 1288 eo
958 1259 1087 1297 prestito
1109 1268 1110 1271 ¹

81 1315 274 1355 ιἰιιηῑῐιεὲῐιῑο,
289 1313 434 1343 conferre
450 1308 480 1342 et
492 1313 657 1351 assignare
673 1317 832 1349 curarent,
849 1313 957 1350 sicque
976 1317 1019 1348 tu,
1035 1313 1086 1342 cui

84 1367 185 1398 extitit
204 1367 242 1396 de
262 1366 448 1405 hujusmodi
464 1367 653 1395 canonicatu
673 1370 703 1395 et
724 1366 884 1404 prebenda
900 1366 1086 1395 earumdem

83 1420 259 1451 litterarum
276 1420 463 1450 auctoritate
478 1421 652 1458 provisum,
663 1421 883 1458 juramentum
900 1408 1085 1457 hujusmodi

82 1473 264 1513 prestitisti,
291 1482 401 1503 verum
426 1473 501 1511 quia
524 1473 648 1502 dubitas
671 1482 711 1502 au
734 1473 858 1502 ratione
876 1473 978 1511 ipsius
996 1473 1086 1511 jura-

84 1527 182 1558 menti
198 1527 333 1557 tenearis
349 1527 382 1556 in
401 1527 513 1556 eadem
531 1526 665 1556 ecclesia
680 1527 833 1556 continue
850 1526 999 1563 residere,
1016 1536 1088 1565 pro-

84 1581 182 1611 videri
199 1581 254 1610 tibi
270 1589 364 1619 super
380 1580 440 1610 hoc
457 1590 512 1618 per
528 1581 635 1610 sedem
652 1580 855 1619 apostolicam
873 1581 1002 1618 petiisti.
1020 1581 1087 1611 Nos

84 1635 200 1674 itaque,
218 1634 279 1664 tuis
289 1634 574 1673 supplicationibus
586 1634 744 1671 inclinati,
754 1634 940 1664 auctoritate
954 1635 1008 1664 tibi
1018 1645 1087 1673 pre-

85 1688 223 1719 sentium
239 1687 444 1725 indulgemus
458 1692 504 1724 ut,
518 1688 665 1726 quotiens
679 1697 714 1717 ex
729 1689 814 1726 J'usta
826 1697 920 1718 causa
929 1688 968 1717 ab
977 1688 1087 1718 eadem

85 1741 214 1772 ecclesia
230 1745 257 1771 te
274 1741 383 1771 abesse
398 1741 577 1779 contigerit,
596 1741 732 1770 residere
748 1742 781 1770 in
799 1750 834 1770 ea
848 1746 988 1779 pretextu
1000 1742 1089 1780 jura-

85 1796 184 1825 menti
201 1793 335 1834 predicti
358 1794 542 1824 nullatenus
565 1796 710 1824 tenearis.
730 1794 821 1824 Nulli
842 1803 916 1832 ergo
938 1799 996 1824 etc.
1015 1803 1088 1824 nos-

88 1853 131 1879 tre
146 1848 358 1879 concessionis
378 1852 436 1877 etc.
456 1848 527 1877 Dat.
546 1848 654 1884 Reate,
674 1857 692 1877 x
709 1847 864 1878 kalendas
879 1849 984 1887 junii,
1003 1857 1089 1878 auno

66 1900 68 1903 ’
85 1901 230 1932 secundo.
248 1913 260 1927 n

148 2074 177 2109 Δι
188 2075 272 2103 124
684 2074 780 2105 Rieu,
800 2075 839 2101 ier
853 2075 922 2101 (ποίη
938 2075 1016 2102 1289.

119 2135 325 2172 Indulgentiae.
343 2136 426 2169 (Rea.
445 2136 488 2168 445
502 2145 527 2163 c.
547 2136 607 2168 339,
626 2137 644 2163 f.
665 2136 714 2163 179
730 2144 771 2170 r⁰;
788 2136 852 2164 LAP.
872 2146 907 2165 nu
922 2137 1024 2169 Tnsln,
1041 2137 1070 2164 II
1083 2160 1089 2170 ‚

88 2185 150 2218 ¹9&
168 2185 271 2212 Pori-u.
287 2185 397 2218 23030.)

128 2287 279 2316 Universis
301 2287 414 2316 Christi
435 2287 575 2324 fidelibus
597 2292 748 2325 presentes
766 2289 879 2317 litteras
895 2290 1088 2326 inspecturis.

87 2330 325 2378 ¹Indulgentiam
343 2341 441 2370 unius
455 2341 533 2370 anni
551 2344 581 2370 et
598 2350 635 2370 xi,
652 2340 777 2370 dierum
795 2342 939 2371 concedit
956 2342 1089 2372 visitan-

89 2393 171 2424 tibus
185 2393 351 2424 ecclesiam
363 2393 472 2424 Sancti
482 2394 615 2423 Martini
628 2394 860 2433 Turonensem,
871 2395 910 2425 ad
923 2404 1090 2426 romanam

89 2447 251 2478 ecclesiam
272 2447 363 2478 nullo
386 2448 493 2478 medio
513 2448 746 2486 pertinentem,
772 2448 805 2477 in
832 2449 968 2487 singulis
991 2450 1091 2488 ipsius

90 2501 188 2531 sancti
206 2501 438 2538 festivitatibus,
460 2505 488 2531 et
504 2511 559 2540 per
573 2506 642 2531 octo
658 2502 725 2531 dies
741 2507 920 2541 sequentes.

130 2565 144 2581 κ
168 2554 323 2594 Splendor
347 2558 478 2593 paterne
504 2554 642 2592 glorie...
660 2572 699 2577 —
718 2555 789 2585 Dat.
813 2556 926 2593 Reate,
946 2557 1091 2587 kalendis

90 2608 224 2646 augusti,
242 2616 328 2638 anno
343 2608 496 2638 secundo.
515 2620 527 2635 ι

161 2781 275 2812 ¹125
671 2781 763 2813 Rieti,
781 2782 814 2809 ε26
827 2783 924 2817 juillet
943 2783 1020 2811 1289.

124 2841 170 2869 Ad
193 2844 366 2870 solutionem
386 2843 547 2870 debitorum
573 2845 740 2870 monasterii
767 2844 864 2871 Sancti
896 2845 1030 2872 Germani
1059 2845 1094 2872 de

91 2890 191 2918 Pratis.
212 2892 292 2925 (aaa.
311 2893 352 2924 44,
375 2901 401 2919 6.
419 2892 517 2925 340,1“.
539 2893 586 2920 179
607 2899 649 2926 r⁰;
668 2893 734 2919 Lim.
753 2903 788 2921 nu
803 2894 902 2929 Tacit,
921 2894 957 2928 II,
977 2895 1047 2926 199.)

130 2994 278 3031 Johanni,
304 2995 406 3024 abbati
430 2995 611 3023 monasterii
635 2994 739 3024 Sancti
764 2996 909 3026 Germani
934 2998 967 3026 cle
994 2998 1095 3027 Pratis

95 3046 291 3085 Parisiensis,
322 3049 439 3078 ordinis
463 3047 494 3076 S.
527 3047 694 3085 Benedicti,
723 3048 862 3087 fructus,
892 3050 1034 3080 redditus
1067 3055 1096 3081 et

1171 448 1346 482 proventus
1367 444 1522 481 prioratus
1547 444 1585 473 de
1609 443 1752 479 ιῘ11116160,
1771 443 1810 472 ad
1832 443 1915 472 idem
1938 445 2165 474 monasterium

1171 495 1265 534 pleno
1279 496 1350 533 jure
1366 496 1547 533 spectantis,
1567 497 1722 526 Eduensis
1739 497 1903 531 dioecesis,
1921 505 1975 534 per
1991 497 2166 536 quinquen-

1170 549 1262 577 nium
1286 549 1446 585 concedit,
1467 549 1506 578 ad
1529 549 1719 580 solutionem
1736 550 1910 579 debitorum
1929 550 2028 588 ipsius
2043 559 2168 580 monas-

1170 601 1240 630 terii
1254 602 1491 631 convertendos.

1212 666 1224 680 11
1253 654 1345 683 Circa
1371 656 1586 693 quarumlibet
1610 656 1854 685 ecclesiarum...
1880 674 1918 678 —
1948 657 2017 686 Dat.
2050 657 2166 693 Reate,

1170 716 1214 736 vn
1233 706 1385 737 kalendas
1401 709 1540 746 augusti,
1560 718 1645 738 anno
1664 711 1810 739 secundo.
1834 722 1846 736 ι»

1243 867 1263 894 1
1275 866 1360 895 126
1764 867 1850 899 Rieu,
1865 868 1898 893 20
1911 868 2005 900 juillet
2022 868 2097 895 1689.

1206 927 1248 953 De
1265 928 1448 953 contentione
1471 929 1543 953 iuter
1560 928 1713 961 capitulum
1731 928 1868 954 ccclesiae
1885 928 1982 954 Sancti
2002 929 2168 962 Audomari,

1170 975 1343 1002 Morinensis
1355 976 1508 1007 dioecesis,
1522 980 1549 1002 et
1560 976 1733 1002 Remensem
1744 977 1913 1010 episcopum
1925 977 2074 1003 existente.
2087 978 2169 1010 (Rue.

1170 1024 1213 1055 44,
1230 1034 1255 1050 6.
1271 1024 1330 1054 341,
1350 1026 1367 1050 s.
1388 1025 1436 1051 179
1451 1032 1491 1057 r⁰;
1510 1024 1577 1051 Lar.
1594 1034 1628 1051 nu
1644 1025 1742 1054 'ruffin
1762 1024 1889 1056 119200.)

1211 1148 1231 1156 ..
1263 1128 1431 1156 succentori
1465 1132 1490 1155 et
1528 1149 1546 1155 ..
1580 1128 1797 1164 penitentmrio
1832 1128 1946 1156 ecclesie
1976 1128 2170 1157 Belwzcerzsts.

1171 1192 1184 1207 «
1209 1181 1325 1210 Petitio
1347 1203 1366 1209 ..
1388 1180 1501 1209 decani
1522 1185 1551 1209 et
1572 1179 1701 1218 capituli
1724 1180 1856 1209 ecclesie
1877 1180 1914 1209 de
1933 1179 2047 1209 Sancto
2065 1181 2173 1210 Audo-

1168 1242 1269 1270 maro,
1279 1233 1476 1263 Mutinensis
1484 1233 1631 1269 diocesis,
1643 1233 1731 1262 nobis
1742 1232 1882 1262 exhibita
1891 1233 2172 1272 continebatquod,

1169 1294 1241 1316 cum
1259 1286 1340 1315 bone
1357 1286 1509 1315 memorie
1526 1286 1703 1322 Johannes,
1722 1286 1890 1315 Remensis
1905 1286 2171 1324 archiepiscopus,

1169 1348 1258 1369 suam
1278 1339 1472 1378 provintiam
1491 1340 1640 1375 visitans,
1662 1339 1701 1368 ad
1721 1339 1854 1367 eandem
1872 1339 2054 1368 accessisset
2073 1338 2172 1368 eccle-

1169 1394 1249 1423 siam
1272 1393 1358 1422 infra
1378 1394 1478 1431 ipsam
1502 1393 1692 1431 provintiam
1717 1393 1936 1428 constitutam,
1960 1396 2066 1430 petens
2087 1401 2119 1421 se
2138 1393 2174 1421 in

1169 1447 1251 1476 dicta
1266 1447 1408 1482 ecclesia,
1420 1455 1513 1484 quam
1528 1446 1588 1475 sibi
1606 1446 1778 1484 subjectam
1792 1446 1936 1483 sorejure
1949 1445 2175 1483 metropolitico

1169 1500 1277 1529 miuus
1296 1499 1450 1529 veraciter
1472 1499 1690 1537 pretendebat,
1709 1498 1748 1527 ad
1769 1498 1961 1527 visitandum
1981 1498 2120 1533 admitti,
2138 1507 2174 1527 ac

1170 1553 1229 1583 sibi
1248 1553 1501 1591 procurationem
1519 1553 1641 1581 ratione
1657 1551 1851 1581 visitationis
1864 1551 2001 1580 debitam
2018 1550 2173 1587 exhiberi,

1170 1616 1207 1636 ex
1233 1610 1320 1645 parte
1344 1606 1499 1635 dictorum
1523 1606 1635 1635 decani
1658 1609 1688 1634 et
1711 1604 1839 1642 capituli
1862 1605 1920 1633 luit
1942 1612 2047 1633 coram
2066 1604 2175 1633 eodem

1169 1659 1407 1698 archiepiscopo
1425 1659 1611 1697 excipiendo
1627 1658 1821 1696 propositum
1838 1657 1935 1695 quod,
1954 1666 2027 1686 cum
2043 1656 2176 1686 ecclesia

1170 1714 1249 1752 ipsa,
1265 1722 1337 1743 cum
1355 1713 1498 1751 personis
1514 1716 1543 1741 et
1558 1711 1681 1741 clericis
1699 1715 1729 1740 et
1741 1710 1913 1749 capellanis
1925 1710 2037 1748 ipsius,
2051 1718 2068 1739 a
2079 1709 2176 1747 juris-

1170 1767 1310 1796 dictione
1336 1766 1551 1805 quorumlibet
1572 1765 1808 1795 ordinariorum
1832 1773 1887 1802 per
1909 1763 2053 1801 spetialia
2077 1763 2174 1801 privi-

1170 1820 1253 1858 legia
1278 1820 1362 1849 sedis
1384 1819 1554 1858 apostolice
1581 1819 1621 1848 sit
1645 1822 1804 1856 exempta,
1825 1822 1855 1847 et
1879 1817 1917 1846 ad
1940 1825 2107 1846 romanam
2125 1825 2176 1846 ee-

1171 1874 1301 1904 clesiam
1319 1873 1409 1903 nullo
1425 1873 1582 1912 pertineat
1594 1871 1766 1908 mediante,
1777 1874 1869 1908 prout
1881 1879 1934 1908 per
1946 1869 2177 1898 exhibitionem

1171 1927 1327 1956 dictorum
1339 1926 1582 1965 privilegiorum
1595 1934 1626 1954 se
1638 1924 1813 1954 offerebant
1823 1923 1965 1960 legitime
1979 1922 2175 1960 probaturos,

1171 1981 1210 2010 ad
1244 1981 1443 2010 visitandum
1476 1980 1509 2008 iu
1540 1979 1681 2018 predicta
1711 1978 1819 2008 Sancti
1844 1976 2018 2006 Audomari
2046 1975 2178 2005 ecclesia

1171 2036 1277 2074 ipsum
1292 2035 1458 2064 admittere
1472 2033 1597 2071 sibique
1613 2031 1869 2071 procurationem
1886 2029 2071 2068 hujusmodi
2087 2028 2176 2058 exhi-

1171 2088 1246 2118 bere
1270 2088 1406 2117 minime
1425 2086 1632 2121 tenebantur3
1650 2089 1680 2114 et
1701 2085 1776 2123 quia
1793 2084 1950 2123 predictus
1968 2082 2177 2120 archiepisco-

1172 2150 1231 2180 pus
1248 2141 1374 2170 eosdem
1391 2140 1547 2169 decanum
1565 2142 1594 2168 et
1607 2138 1781 2176 capitulum
1800 2146 1894 2176 super
1911 2136 1969 2165 hoc
1983 2135 2092 2165 audire
2104 2143 2178 2164 con-

1174 2199 1220 2224 tra
1233 2194 1392 2233 justitiam
1417 2192 1600 2230 denegavit,
1619 2191 1695 2229 ipsi,
1714 2190 1890 2220 sentientes
1907 2198 1942 2218 ex
1960 2188 2020 2217 hoc
2038 2187 2178 2216 indebite

1173 2257 1207 2278 se
1225 2248 1367 2286 gravari,
1385 2247 1424 2276 ad
1441 2247 1548 2276 sedem
1564 2244 1768 2284 apostolicam
1785 2243 2005 2282 appellarunt,
2029 2245 2060 2270 at
2075 2241 2177 2270 dictus

1173 2302 1450 2340 archiepiscopus,
1473 2299 1657 2338 hujusmodi
1683 2297 1893 2336 appellatione
1918 2298 2116 2332 contempta,
2142 2294 2176 2322 in

1174 2356 1313 2394 eundem
1327 2355 1484 2384 decanum
1500 2358 1529 2383 et
1544 2352 1714 2382 canonicos
1731 2351 1830 2389 ipsius
1847 2349 1976 2379 ecclesie
1990 2347 2097 2378 Sancti
2110 2348 2176 2376 Au-

1173 2409 1297 2439 domari
1314 2408 1508 2438 nominatim
1522 2407 1625 2445 primo
1637 2403 1857 2443 suspensionis
1870 2407 1899 2431 et
1914 2403 2043 2431 demum
2055 2408 2176 2430 excom-

1174 2461 1421 2495 municationis,
1444 2470 1479 2490 ac
1498 2460 1616 2489 dictam
1638 2458 1803 2488 ecclesiam
1825 2456 1985 2486 interdicti
2005 2453 2176 2484 sententias

1173 2514 1404 2554 promulgavit,
1419 2513 1557 2551 dictique
1573 2512 1712 2541 decanus
1726 2514 1756 2539 et
1770 2508 1944 2547 capitulum
1958 2516 2051 2545 super
2068 2506 2121 2543 huj
2129 2514 2176 2534 us-

1174 2568 1262 2598 modi
1277 2567 1487 2606 appellatione
1503 2574 1560 2595 sua
1575 2564 1613 2594 ad
1632 2588 1651 2594 ..
1670 2564 1826 2592 decanum
1843 2566 1873 2591 et
1888 2560 2073 2598 magistrum
2088 2557 2175 2587 Gilo-

1175 2631 1249 2651 nem
1269 2621 1308 2650 de
1326 2619 1541 2653 Columbario‚
1556 2616 1832 2649 archidiaconum,
1846 2618 1919 2643 tuuc
1935 2611 2177 2646 canonicum,et

1174 2674 1335 2714 qnondam
1349 2673 1533 2703 Johannem
1545 2671 1583 2700 de
1597 2669 1769 2707 Gagniaco,
1780 2667 1969 2697 canonicum
1983 2664 2174 2700 Meldenses,

1182 2728 1240 2758 sub
1253 2736 1288 2756 ea
1303 2727 1405 2755 forma
1420 2725 1520 2763 ipsius
1533 2723 1616 2753 sedis
1629 2722 1749 2751 litteras
1761 2720 1985 2758 impetrarunt,
2001 2721 2044 2753 ut,
2060 2715 2177 2746 vocatis

1175 2783 1230 2821 qui
1247 2781 1381 2810 vocandi
1399 2782 1514 2814 essent,
1535 2782 1564 2806 et
1582 2776 1698 2806 auditis
1717 2774 1792 2803 hinc
1808 2772 1882 2802 inde
1901 2770 2080 2810 propositis,
2093 2768 2177 2808 quod

1172 2838 1294 2875 justum
1322 2833 1470 2862 existeret
1495 2830 1664 2860 decernere
1681 2829 1897 2866 procurarent,
1924 2824 2075 2853 facientes
2093 2821 2178 2862 quod

1176 2890 1385 2918 decernerent
1401 2883 1587 2914 auctoritate
1602 2880 1773 2920 apostolica
1790 2878 1923 2908 firmiter
1936 2876 2114 2912 observari,
2134 2876 2178 2905 ita

1177 2941 1276 2982 quod,
1299 2941 1324 2969 si
1346 2947 1411 2969 non
1433 2946 1543 2967 onmes
1566 2935 1630 2965 hiis
1653 2932 1847 2972 exequendis
1863 2931 2018 2961 iuteresse
2034 2932 2175 2969 possent,

1176 2997 1238 3025 duo
1261 3002 1371 3023 eorum
1397 3000 1432 3021 ea
1462 2989 1575 3028 exequi
1604 2996 1667 3017 uon
1698 2986 1874 3016 differrent.
1902 2983 2050 3021 Cumque
2078 2981 2177 3012 iidem

1176 3049 1316 3078 decanus
1333 3050 1363 3076 et
1379 3043 1565 3083 capitulum,
1582 3040 1712 3070 interim
1730 3038 1879 3069 Johanne
1895 3036 2132 3075 archiepiscopo
2143 3042 2178 3063 ac
