2477 3637
195 395 253 427 398
567 380 570 381 ’
943 386 1180 418 aneisrnas
1201 386 1255 416 nn
1278 384 1462 416 Niconis
1485 386 1542 416 iv.

196 466 301 492 torum
315 483 322 497 ‚
348 458 474 489 audatia
498 455 694 495 dampnabili
715 463 779 485 non
797 454 989 490 formidans,
1007 454 1046 484 ad
1067 453 1199 483 domum

197 514 300 554 ipsius
315 512 410 550 legati
428 509 587 540 hostiliter
605 511 795 544 accesserat,
811 516 847 538 ac
863 508 992 538 demum
1013 515 1201 546 preconcep-

197 572 261 598 tam
275 571 384 597 contra
398 565 516 594 dictum
533 562 672 600 legatum
684 561 863 600 nequitiam
881 565 1038 599 temptans
1055 560 1200 598 nequiter

196 620 330 659 aperire,
347 618 479 648 domum
497 615 629 645 eandem
651 614 738 644 velut
755 614 855 644 hostis
870 614 1007 644 infestus
1024 614 1197 651 ingressuS,

195 674 316 712 abJecta
343 669 517 710 pontificali
537 669 691 699 modestia
715 673 745 698 et
769 668 949 698 reverentia
971 667 1075 697 eidem
1101 666 1201 696 eccle-

196 727 242 756 sie
269 734 305 755 ac
326 724 430 762 legato
453 723 558 753 debita
581 721 755 762 vilipensa,
780 721 956 760 evaginatis
978 720 1094 759 gladiis
1114 724 1144 749 et
1167 720 1202 750 in

196 779 303 809 furore
316 777 448 807 vibratis
464 776 547 806 circa
561 784 730 814 personam
747 775 849 814 ipsius
862 774 1001 814 episcopi
1014 772 1200 807 Tusculani,

195 831 332 872 prefatos
355 830 514 866 nobilem,
533 838 588 868 pro
609 838 666 859 sua
690 828 787 859 tutela
806 829 890 858 inter
911 827 1077 867 amplexus
1100 826 1203 866 ipsius

194 885 291 924 legati
318 883 477 923 positum,
505 887 535 913 et
567 882 766 913 Nicolntium
793 891 904 922 capere
925 886 956 912 et
986 880 1203 911 Andreutinm

195 938 366 969 vulnerare
380 937 519 976 graviter
535 946 588 976 per
601 937 765 967 ministros
780 935 976 967 detestabilis
989 934 1204 974 conceptionis

196 993 265 1032 ejus
291 995 546 1031 presumpserat,
573 999 630 1020 nec
658 989 844 1029 hujusmodi
868 988 1116 1029 presumptionis
1137 987 1205 1025 ejus

197 1049 379 1081 contentus,
400 1049 512 1075 contra
529 1044 657 1074 eosdem
676 1043 816 1082 legatum
833 1047 862 1073 et
877 1042 1033 1073 familiam
1051 1041 1205 1071 ferventis

196 1100 229 1130 in
247 1108 282 1130 eo
302 1098 446 1138 nequitie
467 1098 556 1128 freno
575 1097 696 1134 laxato,
715 1097 801 1136 ipsos
822 1097 854 1126 in
872 1096 982 1126 eadem
1005 1095 1149 1130 civitate,
1170 1094 1204 1123 in

197 1162 260 1192 qua
275 1157 410 1192 potestas
435 1153 602 1190 utriusque
618 1151 718 1189 gladii
742 1151 782 1180 ad
805 1151 924 1180 dictum
941 1148 1205 1179 Cameracensem

197 1206 379 1246 episcopum
395 1205 513 1234 dicitur
528 1204 709 1243 pertinere,
726 1204 889 1233 invaserat
906 1207 940 1232 ut
955 1202 1053 1232 hostis
1067 1224 1074 1237 ,
1090 1205 1123 1231 nt
1138 1209 1206 1239 pre-

197 1259 296 1289 dones
325 1259 488 1296 fugaverat
515 1262 545 1287 et
572 1258 758 1287 tractaverat
774 1256 860 1286 velut
879 1256 919 1285 ab
941 1255 1010 1294 ipso
1034 1255 1148 1294 positos
1170 1253 1206 1282 iu

197 1313 304 1343 derisu
319 1336 326 1348 ,
344 1311 417 1342 aliis
433 1319 489 1340 con
497 1315 542 1340 tra
558 1310 696 1341 eundem
712 1309 853 1347 legatum
871 1308 1092 1347 multiplicatis
1116 1307 1205 1346 inju-

196 1365 272 1402 riis,
291 1362 498 1394 con'tumeliis
514 1367 545 1393 et
556 1363 709 1402 jacturis,
727 1366 854 1401 propter
869 1361 953 1400 quod
969 1360 1103 1391 dilectus
1121 1359 1207 1389 filius

197 1424 304 1448 noster
332 1418 386 1454 J.,
419 1416 504 1446 tituli
532 1416 647 1447 Sancte
671 1415 788 1445 Cecilie
815 1415 981 1454 presbyter
1009 1412 1205 1450 cardinalis,

197 1471 341 1510 ejusdem
363 1470 447 1500 sedis
465 1469 605 1507 legatus,
624 1469 728 1508 primo
744 1467 1086 1499 excommunicationis
1106 1475 1205 1505 gene-

197 1525 305 1555 raliter
330 1525 365 1554 in
391 1523 626 1562 premissorum
652 1526 824 1561 patratores
852 1521 986 1551 duxerat
1014 1520 1207 1550 sententiam

198 1575 463 1616 promulgandam
487 1579 517 1605 et
537 1575 641 1605 dictus
659 1573 862 1604 Tusculanus
880 1573 1044 1611 episcopus
1067 1576 1206 1610 postmo-

197 1630 274 1660 dum
290 1629 466 1669 spetialiter
487 1628 604 1658 dictum
624 1627 680 1657 W.
692 1651 700 1664 ,
718 1627 984 1658 Cameracensem
1003 1626 1205 1664 episcopum,

199 1684 238 1714 ab
254 1684 400 1721 ingressu
426 1682 572 1719 ecclesie,
591 1681 826 1720 pontificalium
844 1689 915 1716 usu,
935 1678 1159 1719 temporalium
1178 1682 1208 1708 et

199 1737 419 1777 spiritualium
439 1732 738 1772 administratione,
755 1734 932 1774 capitulum
949 1741 1076 1773 quoque
1091 1732 1204 1763 Came-

198 1791 340 1822 racensis
354 1789 504 1826 ecclesie,
522 1789 599 1829 quia
615 1789 763 1828 requisiti
779 1787 952 1826 diligenter
967 1787 1208 1826 denegaverunt

198 1845 346 1875 assistere
362 1844 422 1874 sibi
441 1847 600 1882 quatenus
617 1847 762 1882 poterant
778 1851 833 1882 pro
849 1850 983 1880 persone
1000 1849 1067 1877 sue,
1086 1839 1208 1878 predic-

199 1904 301 1929 torum
321 1897 429 1928 fratris
444 1901 474 1927 et
489 1901 643 1935 nepotum
659 1903 689 1926 et
710 1895 920 1926 familiarium
939 1903 1071 1925 suorum
1088 1893 1206 1924 securi-

199 1956 261 1982 tate
269 1950 415 1981 habenda
428 1951 456 1980 ei
468 1950 507 1980 ad
519 1950 577 1980 hoc
590 1949 761 1989 prestando
771 1948 987 1989 patrocinium
999 1951 1205 1986 oportunum,

198 2004 385 2035 auctoritate
399 2004 484 2034 sedis
498 2003 670 2043 apostolice
684 2006 780 2042 super¹
792 2002 851 2032 hoc
864 2001 1037 2041 spetialiter
1048 2000 1109 2031 sibi
1124 2009 1206 2030 com-

198 2059 296 2089 missa
320 2058 360 2088 ab
384 2057 499 2088 officiis
528 2056 650 2086 divinis
671 2056 898 2095 suspenderat3
923 2059 953 2085 et
977 2055 1207 2093 subsequenter

199 2116 308 2142 contra
333 2112 453 2142 dictum
472 2111 655 2150 episcopum
680 2109 944 2140 Cameracensem
959 2132 966 2145 ,
987 2108 1027 2138 ob
1045 2107 1159 2138 elatam
1177 2110 1207 2137 et

199 2164 355 2196 elevatam
373 2164 564 2204 proterviam
589 2163 676 2202 ejus,
696 2171 829 2192 manum
845 2161 1080 2200 aggravationis
1097 2165 1207 2190 exten-

198 2218 278 2249 dens
292 2218 326 2248 in
341 2219 410 2257 ejus
425 2226 559 2256 penam,
577 2217 740 2247 civitatem
757 2216 1022 2246 Cameracensem
1041 2214 1205 2244 ecclesias-

199 2271 260 2302 tico
275 2275 482 2310 supposuerat
499 2269 680 2300 interdicto.
700 2268 908 2299 Postmodum
925 2272 1075 2309 vero-tam
1092 2268 1125 2297 in
1142 2267 1207 2297 dic—

199 2329 267 2356 tum
297 2324 560 2355 Cameracensem
593 2323 775 2362 episcopum
807 2331 905 2361 quam
937 2321 971 2351 in
1006 2320 1182 2351 Gerardum
1197 2343 1205 2357 ,

199 2378 460 2409 archidiaconum
487 2377 735 2407 Braibantinum
758 2376 792 2405 in
811 2375 945 2405 ecclesia
963 2374 1204 2410 Cameracensi,

199 2431 391 2463 Michaelem
404 2455 413 2469 ,
433 2431 600 2469 ballivum,
618 2434 649 2461 et
665 2429 866 2460 Bernardum
884 2429 922 2460 de
938 2428 1072 2467 Bolona,
1096 2436 1207 2468 prepo-

200 2487 298 2517 situm
313 2486 431 2516 laicum
448 2510 454 2524 ,
475 2485 621 2516 scabinos
639 2492 766 2523 quoque
782 2488 918 2514 rectores
935 2482 1079 2522 ejusdem
1095 2482 1207 2512 civita-

201 2540 255 2577 tis,
271 2541 346 2570 etin
363 2548 476 2570 omnes
487 2538 568 2569 alios
584 2538 727 2578 ejusdem
746 2537 885 2577 episcopi
902 2537 933 2566 in
948 2536 1008 2566 hac
1021 2540 1106 2575 parte
1122 2545 1208 2566 com-

198 2593 296 2633 plices
318 2597 348 2623 et
374 2593 531 2631 fautores,
557 2592 632 2632 quia
657 2591 800 2629 legitime
824 2590 939 2621 moniti
963 2590 1001 2620 de
1022 2589 1206 2628 premissis,

199 2656 272 2677 curn
292 2647 371 2677 adeo
390 2651 496 2676 essent
511 2645 635 2676 notoria
652 2645 737 2684 quod
754 2644 843 2675 nulla
862 2647 1007 2683 poterant
1023 2644 1208 2682 tergiversa—

199 2700 286 2731 tione
304 2700 419 2737 celari,
437 2699 541 2730 eidem
559 2699 704 2738 episcopo
721 2697 902 2728 Tusculano
925 2697 1106 2727 satisfacere
1129 2705 1206 2727 con-

200 2754 367 2783 tumaciter
404 2761 467 2783 non
500 2757 668 2787 curarunt,
702 2751 856 2781 suadente
884 2750 1028 2789 justitia,
1066 2749 1206 2779 similem

200 2806 539 2836 excommunicationis
558 2804 753 2835 sententiam
774 2803 1003 2843 promulgarat.
1022 2803 1107 2840 Nos,
1131 2803 1208 2842 quia

201 2859 279 2889 dicti
302 2859 541 2890 Cameracensis
563 2858 700 2898 episcopi
727 2863 789 2887 tam
812 2857 973 2887 horrenda
992 2857 1152 2887 temeritas
1177 2861 1208 2887 et

201 2912 406 2942 horribilium
438 2917 629 2952 patratorum
658 2911 847 2951 hujusmodi
876 2911 1075 2950 presumptio
1104 2911 1205 2941 detes-

202 2965 296 2995 tanda
317 2966 351 2995 in
367 2966 457 2996 nobis
474 2970 505 2996 et
522 2966 674 2996 fratribus
696 2966 833 3002 nostris,
855 2974 912 2995 nec
928 2964 1065 3002 mirum,
1083 2973 1120 2994 eo
1137 2972 1205 2993 am—

202 3017 285 3057 plius
311 3018 524 3057 multiplicant
541 3024 570 3049 et
599 3019 820 3050 commotionis
840 3017 944 3048 valide
960 3021 989 3048 et
1017 3017 1206 3048 turbationis

201 3070 364 3101 validioris
382 3071 534 3110 procellas
550 3081 612 3111 quo
630 3081 724 3111 super
740 3072 798 3102 hoc
815 3079 948 3102 romane
963 3070 1099 3101 ecclesie
1110 3079 1205 3115 ⁴sepe-

1282 452 1344 482 rate
1370 452 1472 482 honor
1501 452 1690 482 vulneratur
1719 452 1849 491 gravius
1879 457 1909 483 et
1939 454 2163 493 comprobatur
2191 459 2290 487 status

1282 505 1496 544 preminentie
1532 505 1567 534 iu
1603 505 1686 536 dicto
1717 505 1898 536 Tusculano
1928 507 2072 546 episcopo
2103 507 2288 546 vilipensus‚

1285 567 1403 588 nervus
1419 567 1546 598 quoque
1567 558 1705 590 debilior
1726 559 1871 589 redditur
1888 559 2100 591 ecclesiastice
2116 560 2288 600 libertatis,

1282 621 1319 643 ac
1333 617 1497 652 propterea
1514 611 1660 642 nolentes
1676 612 1735 643 hec
1757 613 1877 652 absque
1896 613 1986 652 virga
2002 614 2221 652 castigationis
2235 615 2290 646 de-

1283 666 1349 696 bite
1363 665 1528 705 preterire,
1543 666 1722 704 predictum
1737 667 1805 702 W.,
1819 666 2086 697 Cameracensem
2097 667 2290 707 episcopum,

1285 730 1410 752 necnon
1437 721 1474 751 G.
1489 744 1497 758 ‚
1525 721 1809 758 archidiaconum,
1838 721 2047 759 Michaelem,
2067 721 2242 760 ballivum,
2261 727 2292 755 et

1287 774 1488 805 Bernardum
1511 774 1550 804 de
1571 774 1706 810 Bolona,
1731 775 1947 814 prepositum,
1970 774 2145 814 capitulum
2168 779 2199 806 et
2218 775 2303 807 uui-v

1286 828 1466 858 versitatem
1487 828 1622 866 prefatos
1640 836 1695 866 per
1718 836 1772 858 vos
1791 837 1826 857 ex
1854 831 1942 867 parte
1960 833 2067 858 nostra
2086 828 2296 868 peremptorie

1285 881 1376 912 citari
1392 881 1526 911 fecimus
1541 904 1549 917 ,
1579 885 1611 910 ut
1632 880 1718 910 iufra
1738 884 1873 919 quatuor
1893 881 2054 911 mensium
2071 881 2210 920 spatium
2226 870 2307 923 pqstt,

1286 934 1469 965 citationem
1486 934 1587 973 ipsam
1604 934 1715 972 prefati
1737 933 1789 962 W.
1802 957 1810 970 ‚
1830 933 2014 972 episcopus,
2037 933 2076 964 G.
2099 933 2319 966 archidiacon

1287 996 1367 1023 nuS,
1388 986 1544 1024 Michael,
1564 986 1718 1024 ballivus,
1737 992 1766 1016 et
1784 987 1967 1016 Bernardns
1982 986 2021 1016 de
2040 986 2171 1024 Bolona,
2187 976 2299 1028 prepete
2331 1027 2334 1030 ἢ

1287 1041 1387 1078 situs,
1419 1039 1644 1079 personaliter,
1672 1040 1847 1079 capitulum
1874 1049 1947 1070 vero
1970 1045 2001 1070 et
2021 1040 2216 1071 universitas
2239 1046 2309 1080 pex‘v

1288 1098 1503 1133 procuratores
1517 1093 1658 1132 ydoneos
1669 1094 1708 1123 ad
1723 1094 1781 1123 hoc
1792 1093 1991 1123 sufficienter
2003 1093 2176 1124 instructos
2189 1091 2313 1127 coram'

1287 1147 1380 1177 nobis
1394 1154 1578 1185 comparere
1602 1151 1769 1182 curarent,
1787 1147 1873 1186 juste
1891 1155 1945 1185 pro
1970 1147 2094 1177 meritis
2116 1135 2297 1188 recepturi}

1289 1209 1351 1230 non
1384 1200 1587 1230 intendentes
1619 1200 1705 1239 qnod
1739 1204 1878 1239 pretextu
1915 1200 2078 1230 citationis
2108 1199 2271 1239 hujusmo
2291 1226 2299 1243 ‚.

1287 1252 1488 1292 processibus
1509 1253 1658 1291 predictis
1683 1253 1852 1291 derogetur
1874 1253 1909 1282 in
1933 1253 2040 1292 aliquo
2063 1253 2239 1292 quominus
2260 1254 2311 1284 itit

1288 1315 1346 1336 sua
1362 1306 1566 1344 persisterent
1581 1306 1744 1337 firmitate.
1763 1306 1824 1337 Sed
1842 1306 1945 1337 dictus
1969 1306 2134 1346 episcopus
2146 1330 2153 1344 ,
2170 1307 2204 1337 in
2223 1312 2279 1346 per

1290 1359 1405 1390 tinacia
1426 1363 1625 1399 contemptus
1648 1369 1832 1390 excrescens
1858 1369 1916 1390 nec
1937 1368 2147 1399 expavescens
2170 1360 2206 1390 in
2221 1354 2306 1393 (ιοιγὶῑὲΒ

1290 1416 1410 1452 temptu
1439 1413 1609 1452 apostolice
1641 1413 1725 1443 sedis
1756 1413 1955 1444 contumacis
1984 1407 2200 1444 obauditionis
2225 1404 2306 1446 notri·

1288 1466 1467 1504 conspergi,
1482 1467 1517 1496 in
1533 1466 1696 1504 assignato
1712 1467 1774 1497 sibi
1789 1467 1936 1504 termino,
1951 1470 2060 1506 etpost
2074 1467 2180 1506 ipsum
2193 1466 2294 1498 termit

1289 1528 1369 1550 num
1387 1519 1510 1550 diutius
1533 1523 1729 1558 expectatus,
1759 1529 1864 1550 coram
1889 1520 1980 1550 nobis
2000 1520 2092 1559 juxta
2111 1510 2300 1552 mandatust

1289 1572 1497 1612 apostolicum
1520 1581 1708 1612 comparere
1732 1573 1941 1612 personaliter
1962 1581 2028 1604 non
2052 1574 2199 1611 curavit,

1288 1627 1424 1658 busdam
1457 1627 1715 1666 procuratoribus
1750 1629 1816 1658 suis
1850 1627 1890 1657 ad
1924 1631 2066 1658 nostram
2100 1636 2212 1667 presen
2220 1627 2262 1658 tia
2270 1631 2310 1668 μ’
2333 1626 2336 1630 ’

1289 1681 1475 1719 destinatis,
1492 1680 1568 1720 qui,
1587 1681 1627 1711 ad
1645 1681 1884 1712 excusationem
1908 1681 1978 1721 ejus
1992 1681 2193 1712 contumacie
2206 1681 2280 1713 iuni
2295 1695 2299 1701 „

1291 1738 1409 1772 tentes,
1441 1734 1596 1773 quasdam
1624 1734 1824 1773 exceptiones
1851 1742 1958 1765 coram
1985 1734 2078 1764 nohis
2107 1734 2143 1765 in
2174 1735 2256 1775 scrip
2271 1735 2306 1771 '³32

1289 1796 1466 1827 proponere
1488 1792 1692 1818 curaverunt.
1717 1788 1784 1818 Nos
1807 1792 1933 1825 autem,
1960 1788 2199 1827 exceptionibus
2219 1775 2301 1818 lvn-

1290 1847 1320 1872 et
1334 1841 1504 1881 qualitate,
1520 1841 1618 1872 modo
1635 1844 1664 1871 et
1681 1840 1785 1884 forma
1808 1841 1951 1880 ipsarum
1968 1845 1999 1871 et
2017 1841 2167 1872 omnium
2183 1834 2290 1881 propr:

1289 1895 1424 1926 sitorum
1440 1904 1476 1925 ex
1492 1899 1580 1934 parte
1595 1894 1711 1934 prefati
1734 1894 1977 1925 Cameracensis
1992 1894 2131 1934 episcopi
2144 1894 2250 1934 quoad
2264 1886 2309 1928 [t

1290 1957 1354 1979 una
1368 1957 1442 1978 cum
1457 1948 1611 1978 fratribus
1627 1948 1744 1978 nostris
1761 1947 1908 1986 diligenti
1925 1947 2162 1978 examinatione
2176 1947 2275 1978 discu
2290 1950 2295 1961 ²

1289 2002 1350 2038 sis,
1365 2003 1450 2041 ipsas
1464 2001 1504 2032 de
1518 2001 1655 2031 fratrum
1672 2001 1887 2040 predictorum
1905 1999 2039 2031 consilio
2061 2000 2171 2031 minus
2189 2000 2267 2040 legit

1288 2064 1358 2085 mas
1385 2059 1416 2085 et
1440 2054 1601 2085 invalidas
1628 2058 1826 2093 reputantes,
1851 2054 2051 2093 exceptiones
2079 2045 2206 2085 easdem
2231 2060 2300 2085 n0‘

1288 2108 1480 2139 admisimus
1492 2131 1500 2145 ,
1518 2107 1572 2138 sed
1588 2116 1640 2137 eas
1657 2108 1760 2146 potius
1776 2107 1928 2137 duximus
1946 2106 2145 2147 repellendas
2162 2111 2193 2138 et
2209 2095 2294 2149 sep-s,

1288 2163 1389 2192 fatum
1409 2162 1675 2192 Cameracensem
1697 2162 1896 2200 episcopum,
1919 2161 2065 2199 exigente
2081 2160 2224 2201 justitia,
2268 2150 2295 2190 Ῑ,

1289 2216 1472 2255 putavimus
1487 2219 1517 2245 et
1538 2215 1818 2253 pronuntiavimus
1834 2218 2055 2245 contumacem
2067 2237 2074 2250 ,
2093 2222 2129 2245 ac
2140 2237 2148 2251 ‚
2174 2219 2208 2244 ut
2221 2223 2260 2244 eu
2270 2204 2302 2241 nl.

1288 2277 1344 2299 sue
1360 2268 1560 2298 contumacie
1582 2276 1664 2306 pena
1687 2267 1889 2306 percelleret,
1915 2267 2019 2305 rigore
2037 2267 2123 2306 juris
2143 2276 2180 2298 ex
2203 2267 2299 2304 mair·

1289 2321 1458 2352 suetudine
1474 2329 1571 2360 quam
1587 2321 1760 2359 apostolica
1778 2320 1869 2350 sedes
1881 2320 2046 2351 interdum
2057 2328 2204 2351 exercere
2218 2319 2297 2354 colli⁴

1288 2376 1393 2406 suevit
1409 2375 1443 2405 in
1462 2374 1578 2405 talibus
1601 2374 1834 2405 nichilominus
1858 2383 1923 2405 non
1942 2374 2104 2405 modicum
2128 2367 2295 2412 mitigatol

1288 2429 1393 2468 ipsum
1410 2428 1450 2459 ab
1474 2429 1660 2459 executione
1678 2428 1914 2467 pontificalium
1935 2432 1965 2458 et
1987 2427 2157 2459 collatione
2174 2424 2296 2458 henefl

1288 2483 1411 2514 ciorum
1427 2483 1573 2513 omnium
1593 2482 1633 2511 ad
1655 2482 1724 2521 ejus
1744 2481 1947 2512 collationem
1967 2481 2180 2521 spectantium
2199 2479 2311 2514 du-'-’

1288 2546 1360 2566 mus
1398 2535 1676 2575 suspendendum,
1714 2544 1851 2575 quorum
1884 2535 2030 2566 omnium
2064 2534 2220 2566 beneficio

1288 2589 1489 2620 collationem
1505 2588 1637 2619 interim
1661 2588 1729 2619 sedi
1751 2588 1923 2627 apostolice
1946 2596 2150 2619 reservamus
2165 2612 2171 2624 ,
2189 2587 2302 2619 dece-¹

1288 2646 1402 2673 nentes
1419 2651 1457 2673 ex
1478 2651 1567 2672 nunc
1587 2642 1715 2673 irritum
1737 2646 1768 2672 et
1788 2642 1887 2672 inane
1905 2641 1931 2672 si
1952 2650 2042 2672 secus
2059 2650 2155 2681 super
2173 2639 2297 2672 eisdem*

1288 2696 1451 2727 beneficiis
1463 2696 1600 2726 extiterit
1611 2699 1844 2734 attemptatum.
1861 2695 1993 2732 Verum,
2007 2695 2080 2725 licet
2091 2703 2128 2725 ex
2141 2693 2229 2735 quali
2237 2705 2263 2724 »ιφ
2278 2694 2303 2719 ³5⁵⁷

1288 2749 1518 2788 premissorum
1525 2750 1738 2788 potuissemus
1745 2749 1874 2787 gravius
1883 2747 2052 2787 procedere
2059 2747 2244 2787 contraipsu
2254 2747 2273 2774 ιῐ
2286 2776 2295 2787 ...-

1288 2802 1429 2833 volentes
1458 2807 1563 2832 tamen
1594 2802 1632 2832 de
1662 2802 1859 2840 benignitate
1886 2801 2056 2841 apostolica
2082 2800 2145 2831 sibi
2173 2807 2252 2840 suoq
2280 2809 2295 2832 2:-

1289 2856 1411 2886 deferre
1427 2855 1558 2893 generi,
1579 2860 1614 2886 ut
1629 2856 1770 2886 veritatis
1788 2855 1859 2892 via,
1877 2855 1903 2885 si
1929 2863 2002 2885 eum
2020 2853 2126 2884 debita
2142 2842 2293 2893 penitis

1290 2909 1441 2948 tetigerit,
1473 2908 1612 2938 lucidius
1637 2909 1800 2948 aperiatur
1827 2908 1947 2944 eidem,
1973 2907 2164 2938 fraternitati

1288 2971 1343 3002 per
1359 2961 1529 3001 apostolica
1547 2962 1662 3001 scripta
1678 2963 1709 2992 in
1731 2962 1846 2991 virtute
1865 2961 2047 2992 obedientie
2061 2959 2205 2991 districte
2218 2964 2298 2998 pru:

1288 3016 1435 3056 cipiendo
1453 3015 1644 3046 mandamus
1660 3020 1819 3054 quatenus
1834 3023 1889 3045 vos
1905 3014 1955 3044 vel
1971 3014 2050 3044 alter
2065 3018 2218 3050 vestrum,
2244 3024 2267 3038 υ
2288 3018 2297 3039 ἰ

1287 3078 1343 3100 vos
1368 3069 1417 3099 vel
1444 3078 1499 3108 per
1523 3068 1624 3099 alium
1651 3077 1706 3099 seu
1733 3068 1827 3105 alios,
1859 3067 1997 3099 eundem
2026 3067 2290 3098 cameracensem*

2445 2260 2477 2322 ‘aa
2458 2204 2474 2234 .-
2448 2007 2477 2180 *K*
2450 1734 2477 1994 *333ssss
2452 1702 2456 1706 ²

2457 2417 2477 2450 ff
2457 2373 2477 2396 ε
2457 2312 2477 2342 ε,
