2342 3652
910 382 1141 417 TROISIEME
1162 384 1321 418 ANNEE.

67 456 148 485 cesis.
165 453 247 483 Cum
263 461 314 488 eo,
334 451 591 481 consideratione
605 452 635 481 J.
650 475 656 487 ‚
675 451 809 481 Sanctae
827 453 947 482 Mariae
963 454 996 482 in
1016 454 1074 482 Via

68 507 129 538 lata
145 506 268 536 diaconi
282 505 466 536 cardinalis,
484 505 533 542 cuj
541 514 575 534 us
588 504 771 542 capellanus
784 509 839 542 est,
855 506 1016 544 dispensat
1029 512 1073 542 ut,

70 563 191 599 praeter
220 559 386 588 ecclesiam
419 558 458 587 de
486 557 691 594 Castellione‚
726 558 1074 597 archipresbyteratum

70 612 219 644 ecclesiae
237 611 346 641 Sancti
364 610 464 640 Blasii
487 610 525 639 de
544 610 763 647 Palumbaria,
785 610 970 641 Sabinensis
987 612 1074 642 dioe-

69 666 158 701 cesis
176 665 320 695 obtinere
337 664 445 702 possit.

111 731 125 745 α
145 717 314 748 Probitatis
331 722 381 746 tue
398 717 547 746 merita...
562 734 600 739 —
614 717 685 746 Dat.
701 718 784 755 apud
800 719 1074 755 Urbemveterem,

70 782 90 801 v
105 771 256 801 kalendas
273 770 473 809 septembris.
491 779 577 800 anno
595 770 695 800 tertio.
715 782 728 796 n

141 916 193 944 31
205 917 221 944 Ι
233 917 252 943 1

104 977 254 1012 Exemptio
280 977 393 1012 pedagii
416 981 444 1003 et
465 977 602 1011 gabellae.
625 976 710 1012 (Res.
736 978 776 1008 45,
805 986 829 1003 c.
853 978 929 1011 3532,
948 978 966 1004 f.
984 979 1074 1011 69v0;

70 1027 184 1060 Porta,
201 1026 312 1059 2337‘2.)

649 915 775 947 Orvieto,
793 915 826 942 ‘26
842 918 907 942 aont
929 916 1003 942 1ῗ90.

111 1128 294 1164 Theoderico,
312 1129 445 1166 episcopo
465 1128 628 1164 Cervsensi,
645 1128 788 1158 concedit
814 1134 847 1158 ut
864 1134 981 1158 certam
1000 1130 1074 1159 salis

69 1181 278 1221 quantitatem
295 1191 331 1211 ex
346 1181 458 1211 salinis
474 1182 539 1211 suis
557 1191 657 1220 nsque
672 1182 711 1211 ad
732 1182 912 1211 Bononiam
932 1184 1002 1212 sine
1021 1193 1073 1222 pe-

69 1235 154 1274 dagii
172 1239 203 1265 et
215 1234 358 1272 gabellae
375 1236 538 1264 exactione
553 1235 670 1264 deferri
689 1235 791 1264 facere
809 1237 914 1274 possit.

111 1301 124 1316 ι
135 1289 238 1318 Habet
252 1294 302 1318 tue
314 1289 558 1318 fraternitatis...
570 1305 609 1310 —
620 1289 689 1317 Dat.
703 1288 785 1326 apud
801 1289 1072 1319 Urbemveterem.

39 1335 47 1347 ‘
68 1352 110 1372 vn
126 1342 278 1372 kalendas
296 1343 494 1380 septembris,
513 1351 599 1372 anno
620 1343 720 1372 tertio.
742 1354 754 1368 1>

137 1488 257 1517 3112

663 1489 790 1521 Orvieto,
809 1488 823 1514 ’ζ’
839 1491 906 1515 aont
927 1490 1001 1516 1290.

2106 394 2162 424 505

1157 455 1235 483 uicis
1258 456 1525 493 Laznlmzensibus,
1551 457 1679 486 mandat
1701 463 1734 486 ut
1750 459 1896 487 abbatem
1918 463 1945 487 et
1967 465 2162 488 conventum

1157 509 1341 537 monasterii
1360 509 1465 538 Sancti
1481 510 1640 539 -Johannis
1658 511 1894 540 Laudunensis.
1911 512 2034 541 ordinis
2051 512 2083 542 S.
2103 513 2163 542 Be-

1158 560 1288 595 nedicti,
1307 568 1419 599 cogant
1437 563 1475 591 ad
1491 563 1670 593 cedendum
1692 573 1745 602 pro
1764 565 1953 601 competenti
1974 566 2072 603 pretio
2091 574 2163 604 par-

1159 617 1220 642 tem
1239 623 1326 643 Suam
1355 616 1444 645 fundi
1468 625 1563 654 quem
1581 616 1683 646 clarae
1704 617 1877 647 memoriae
1895 618 2091 653 Ludovicus,v

1158 665 1363 698 Francorum.
1378 669 1555 705 ¹quai-diano
1570 674 1599 698 et
1615 670 1765 699 fratribus
1782 670 1959 699 minoribus
1972 671 2164 701 Laudnnen-

1159 719 1261 755 sibus,
1291 720 1374 749 intra
1407 722 1567 751 civitatem
1602 723 1864 758 Laudunensem‚
1894 724 1932 752 ad
1958 724 2162 759 Quarrellum

1156 771 1245 808 juxta
1261 773 1425 802 ecclesiam
1444 774 1551 804 Sancti
1568 775 1709 804 Cornelii
1728 776 1878 812 positum,
1895 777 2060 805 concessit.

1200 838 1212 849 α
1231 826 1348 855 Petitio
1365 827 1551 857 dilectorum
1570 828 1747 857 filiorum...
1768 845 1807 850 —
1829 829 1900 858 Dat.
1924 830 2007 867 apud
2025 830 2163 859 Urbem-

1159 883 1310 914 veteiem,
1328 889 1373 908 1111
1393 889 1495 909 nonas
1511 881 1708 918 septembris,
1726 890 1810 910 anno
1828 882 1928 911 tertio.
1950 896 1962 907 ν

2110 628 2141 647 ΓΕ
2147 629 2161 647 X

1229 1064 1351 1092 3115

1194 1126 1327 1153 Facultas
1344 1127 1508 1152 absolvendi
1525 1138 1539 1153 :t
1555 1129 1701 1154 canonicis
1717 1129 1879 1154 sententiis.
1896 1128 1978 1161 (Rs-c.
1997 1130 2028 1154 45
2042 1153 2045 1156 .
2059 1138 2083 1156 c.
2103 1130 2161 1161 357,

1158 1176 1176 1202 f.
1195 1176 1225 1201 71
1249 1176 1296 1207 ro.)

1738 1065 1861 1098 Orvieto,
1879 1067 1911 1092 23
1930 1068 1997 1092 aont
2017 1068 2092 1093 ΓΗΘ,

1205 1285 1370 1314 Venerabili
1386 1286 1482 1320 fratri
1497 1286 1532 1313 il.
1549 1309 1554 1320 ,
1573 1287 1705 1323 episcopo
1722 1286 1870 1321 Ovecensc,
1889 1286 2069 1315 facultatem
2089 1296 2164 1316 con-

1158 1338 1242 1367 cedit
1259 1337 1467 1375 dispensandi
1481 1347 1553 1367 cum
1571 1338 1716 1376 praelatis
1733 1343 1763 1367 et
1778 1339 1901 1368 clericis
1921 1349 1994 1368 suae
2012 1340 2164 1370 dioecesis

1158 1392 1232 1430 qui,
1266 1391 1607 1421 excommunicationis
1638 1397 1666 1420 et
1699 1392 1858 1421 interdicti
1892 1394 2065 1422 sententias
2095 1394 2165 1423 siue

1112 1441 1114 1460 ¹*
1158 1445 1282 1482 scriptis
1316 1445 1528 1483 proferentes,
1560 1445 1801 1482 suspensionem
1835 1446 2031 1475 incurrerint
2062 1450 2091 1475 et
2120 1447 2164 1476 sic

1112 1514 1114 1524 .
1158 1497 1254 1535 legati
1272 1497 1539 1534 irregularitatem
1558 1498 1785 1526 contraxerint.

102 1550 148 1576 Ad
162 1550 344 1576 concordiam
360 1550 435 1576 inter
450 1558 603 1577 commune
619 1555 647 1577 et
660 1550 769 1576 clerum
787 1550 918 1577 Pisanos.
931 1552 1014 1583 (Rae.
1029 1553 1072 1585 45,

67 1608 92 1626 c.
111 1599 172 1631 354,
192 1599 210 1626 f.
227 1599 262 1626 69
279 1607 326 1632 v⁰;
346 1599 462 1631 Poma„
480 1599 589 1626 23347.t

102 1694 148 1731 'Ad
165 1706 340 1741 perpetuam
357 1704 403 1731 rei
418 1704 611 1732 memoriam.
628 1702 805 1732 Confirmat
816 1702 899 1741 quod
912 1703 1024 1732 Petrus
1036 1703 1074 1732 de

37 1752 41 1758 ’
66 1755 255 1795 Columpna,
274 1756 384 1786 Sancti
398 1756 563 1785 Eustachii
576 1756 732 1786 diaconus
748 1756 933 1796 cardinalis,
948 1757 985 1785 ad
1002 1765 1073 1786 con-

65 1810 204 1840 cordiam
220 1810 305 1840 inter
324 1818 496 1840 commune
514 1815 546 1839 et
561 1810 684 1840 clerum
703 1810 874 1840 Paduanos
894 1811 1072 1840 reforman-

65 1863 138 1893 dam
153 1863 239 1893 fecit.
720 1901 723 1904 Ι

107 1928 121 1943 κ
153 1917 205 1946 Ab
233 1916 312 1946 olim
343 1916 474 1946 dum...
508 1933 546 1937 —
573 1916 645 1945 Dat.
674 1916 757 1955 apud
789 1917 1072 1953 Urbemveterem‚

66 1979 110 2000 nn
127 1979 229 2000 nonas
244 1971 382 2008 augusti,
402 1978 488 2000 anno
505 1971 604 1999 tertio.
624 1982 636 1995 ι

134 2117 252 2145 3113

98 2178 284 2214 Dispensatio
300 2179 483 2205 matrimonii.
499 2178 581 2212 (Rae.
600 2179 641 2209 45,
660 2186 685 2204 (·.
703 2178 764 2205 355.
781 2179 800 2205 f.
816 2179 845 2204 71
864 2184 908 2206 r0.)

645 2116 771 2149 Orviem,
789 2116 821 2142 '27
838 2118 905 2142 aont
923 2116 999 2142 1290.

104 2303 124 2310 ..
139 2282 362 2319 archiepiscopo
379 2280 519 2310 Toletano
535 2281 708 2311 committit
721 2284 837 2310 utcnm
853 2280 982 2310 Sanctio
998 2281 1021 2309 F
1024 2289 1069 2309 er-

64 2334 173 2370 nandi,
191 2339 267 2364 nato
280 2333 443 2364 Johannis
460 2335 632 2371 Fernandi,
650 2339 680 2363 et
698 2334 830 2369 Mentia‚
849 2338 920 2363 nata
939 2334 1070 2363 Martini

63 2385 256 2424 Guntisalvi,
269 2387 397 2416 civibus
411 2387 587 2424 Toletanis,
604 2387 768 2426 dispenset
784 2392 828 2423 ut,
848 2395 911 2416 non
927 2387 1071 2416 obstante

62 2440 154 2471 tertio
189 2440 355 2470 affinitatis
388 2441 507 2479 gradu,
543 2441 577 2471 in
613 2441 822 2471 matrimonio
855 2441 939 2480 quod
973 2440 1047 2470 olim
1060 2464 1068 2477 ,

62 2493 245 2532 ignorantes
268 2494 536 2533 impedimentum
557 2504 641 2534 esse,
659 2499 887 2525 contraxerunt
904 2503 1069 2524 remanere

61 2546 196 2578 valeant.
306 2581 310 2585 ‚

103 2611 117 2626 α
141 2600 256 2630 Petitio
278 2599 385 2631 dilecti
409 2600 506 2630 filii...
530 2618 568 2623 -
591 2601 660 2631 Dat.
683 2602 766 2640 apud
790 2601 1067 2636 Urbemveterem,

63 2661 94 2682 vr
105 2651 259 2683 kalendas
275 2653 474 2691 septembris,
492 2662 578 2684 anno
595 2655 695 2684 tertio.
713 2666 726 2680 n

132 2799 252 2827 3114

97 2860 144 2887 Ad
153 2861 351 2896 quaestionem
362 2861 437 2888 inter
450 2862 656 2889 monasterium
667 2861 766 2889 Sancti
775 2862 793 2888 J
795 2862 918 2888 ohannis
929 2866 957 2888 et
967 2861 1070 2887 fratres

62 2908 186 2936 minores
201 2909 411 2937 Laudunenses
425 2910 644 2937 terminandam.
663 2910 746 2944 (Rae.
764 2910 807 2941 45,
824 2918 850 2936 e.
869 2910 930 2941 356,
946 2910 966 2936 f.
983 2909 1013 2935 71
1028 2915 1067 2940 r⁰;

61 2955 178 2992 Por-m„
193 2958 302 2991 23:377.)

564 2799 691 2833 Orvieto,
708 2800 724 2827 Ξ
738 2800 902 2834 septembre
918 2799 997 2826 1290.

100 3053 242 3091 Magistro
256 3054 393 3083 Iohanni
410 3055 445 3083 de
467 3055 594 3084 Vasom'a
609 3060 634 3084 et
650 3057 779 3085 Αιιὺενιο
797 3055 832 3084 de
847 3055 954 3090 Marta,
976 3062 1068 3083 cano-

202 3119 274 3146 Rae..
295 3119 418 3148 Nicoclis
438 3120 490 3147 IV.

1201 1565 1211 1575 «
1233 1551 1384 1588 Exposuit
1408 1555 1458 1579 tua
1480 1551 1698 1580 fraternitas...
1721 1567 1761 1573 —
1784 1551 1855 1580 Dat.
1880 1552 1962 1589 apud
1985 1553 2164 1582 Urbem-ive-

1157 1608 1268 1638 terem,
1285 1613 1302 1632 x
1319 1604 1471 1633 kalendas
1490 1604 1687 1642 septembris.
1708 1613 1793 1633 anuo
1812 1605 1913 1634 tertio.
1934 1617 1946 1630 >⁷2

1227 1791 1412 1819 3116-31
1424 1792 1476 1819 iv

1193 1853 1325 1880 Facultas
1340 1853 1506 1879 absolvendi
1523 1863 1539 1879 a
1550 1853 1698 1879 canonicis
1715 1854 1879 1880 sententiis.
1898 1854 1978 1885 (Rae.
1993 1854 2037 1888 45,
2049 1863 2074 1880 c.
2091 1854 2162 1884 3372„

1156 1902 1223 1927 f.'1'l
1242 1904 1293 1934 νῦ.)

1737 1792 1864 1824 Orvieto,
1882 1791 1915 1818 ‘23
1931 1793 1997 1819 nont
2018 1792 2090 1819 1390,

1195 2012 1299 2040 Eidem
1316 2011 1465 2040 facultem
1481 2011 1628 2041 concedit
1643 2011 1830 2041 absolvendi
1849 2020 1901 2041 eos
1918 2011 2073 2041 dioecesis
2089 2021 2165 2041 suae

1155 2065 1210 2104 qui
1223 2073 1278 2103 pro
1291 2065 1430 2094 violenta
1442 2065 1614 2102 injectione
1627 2074 1783 2095 manuum
1795 2066 1827 2094 in
1841 2065 1971 2095 clericos
1983 2073 2164 2095 excommu-

1155 2117 1350 2147 nicationem
1370 2117 1577 2147 incurrerint.

1197 2183 1209 2195 ιι
1228 2171 1295 2199 Tua
1311 2171 1401 2200 nobis
1416 2171 1636 2201 fraternitas...
1656 2187 1696 2192 —
1714 2171 1785 2200 Dat.
1805 2176 1839 2200 ut
1854 2179 1959 2209 supra.
1981 2184 1993 2197 »

1742 2263 1867 2294 Orvieto,
1884 2264 1917 2290 25
1933 2265 1999 2290 aont
2014 2263 2089 2290 1290.

1194 2326 1230 2355 In
1248 2335 1275 2355 e.
1290 2335 1333 2354 m.
1349 2326 1493 2364 episcopo
1512 2326 1680 2363 Burgensi.
1701 2326 1770 2355 Dat.
1788 2320 1920 2362 ibidem,
1939 2335 1993 2355 v111
2009 2325 2162 2355 kalendas

1154 2379 1352 2417 septembris,
1371 2388 1457 2408 anno
1475 2379 1579 2410 tertio.

1223 2564 1276 2592 31
1286 2564 1341 2592 18
1734 2564 1861 2597 Orviet0‚
1877 2564 1911 2591 25
1926 2566 1994 2591 aout
2011 2563 2089 2591 1290.

1188 2624 1320 2651 Facultas
1336 2625 1500 2651 absolvendi
1518 2634 1534 2651 a
1549 2626 1698 2652 canonicis
1714 2625 1875 2652 sententiis.
1894 2625 1976 2658 (Rae.
1994 2625 2038 2656 45,
2055 2633 2080 2650 c.
2098 2625 2159 2658 358,

1152 2674 1171 2701 f.
1190 2675 1220 2701 71
1238 2677 1288 2704 vo.)

1199 2783 1364 2812 Venerabili
1376 2784 1472 2819 fratri
1493 2783 1537 2819 F.‚
1555 2784 1687 2820 episcopo
1703 2783 1868 2820 Βιινρεηεέ,
1884 2781 2066 2812 facultatem
2082 2789 2159 2811 con-

1152 2837 1235 2867 cedit
1254 2836 1438 2866 absolvendi
1464 2835 1596 2866 clericos
1620 2844 1696 2865 suae
1720 2835 1875 2865 dioecesis
1899 2835 1966 2874 qui,
1993 2843 2058 2864 non
2085 2835 2160 2864 obe-

1153 2890 1277 2919 dientes
1301 2889 1418 2919 litteris
1444 2889 1560 2927 quibus
1586 2889 1746 2918 Martinus
1772 2897 1851 2927 papa
1872 2888 1966 2917 1111112
1988 2886 2160 2917 rebellibus

1152 2943 1246 2981 regni
1262 2942 1418 2973 Castellae
1433 2943 1501 2980 regi
1516 2942 1646 2972 obedire
1667 2942 1825 2981 injunxit,
1843 2941 2013 2971 canonicas
2030 2945 2160 2971 senten-

1153 2997 1211 3026 tias
1228 2996 1433 3026 incurrerint.
1600 3028 1603 3030 .

1194 3062 1207 3076 «
1228 3049 1374 3088 Exposita
1390 3049 1482 3079 nobis
1503 3053 1593 3079 tua...
1611 3065 1650 3071 —
1666 3049 1737 3078 Dat.
1756 3053 1909 3087 utsupra.
1928 3060 1942 3075 ι

1983 3114 2016 3141 64
