2342 3652
939 358 1161 398 PREMIERE
1182 360 1339 399 ANNEE.
2150 371 2188 402 33

97 440 332 472 continentium
357 439 442 468 inter
467 437 531 467 alia
555 436 693 476 qualiter
714 436 814 465 dictus
840 434 1001 464 Honorius
1026 442 1099 463 suas

97 493 200 524 eidem
218 492 455 531 archiepiscopo
471 490 656 528 dirigendas
671 489 790 519 litteras
810 487 923 517 confici
937 487 1053 516 fecerat
1069 491 1099 517 et

97 545 215 576 bullari
245 545 300 576 sed
324 548 448 575 mortuo
473 553 552 583 papa
580 542 708 573 eaedem
732 542 855 571 litterae
885 548 948 569 non
973 540 1100 569 fuerant

98 599 226 636 missae,
243 599 390 638 procedat
409 598 448 628 ad
470 597 692 628 liberationem
712 596 758 631 E.,
776 594 905 632 reginae
921 593 1094 630 Ungariae.

143 665 156 679 ι
174 652 304 683 Dudum
322 660 456 682 romana
471 650 639 681 ecclesia...
653 665 693 672 —
706 649 776 678 Dat.
794 651 828 677 ut
845 655 948 685 supra.
961 658 973 672 ι

170 838 255 866 2⁰3
700 833 792 863 Rieti,
808 834 825 859 7
836 832 931 866 juillet
948 831 1025 859 1288.

135 899 284 926 Fratribus
300 899 466 925 monasterii
481 897 515 923 de
529 896 611 931 Hyda
630 895 772 922 licentiam
789 893 921 920 concedit
936 894 1032 920 utendi
1053 895 1097 929 pi-

100 948 153 975 leis
168 949 196 974 in
212 947 369 974 officiorum
386 946 583 973 celebratione.
601 943 681 977 (Rae.
699 943 743 974 44,
760 951 786 969 c.
803 942 862 973 107,
879 943 898 969 f.
915 942 950 969 26
966 945 1015 972 vo.)

141 1071 163 1079 ..
180 1050 280 1079 abbati
302 1054 327 1078 ει
347 1048 504 1078 conventui
523 1046 700 1075 monasterii
717 1045 751 1074 de
772 1045 859 1083 Hyda
874 1054 967 1083 prope
987 1045 1098 1073 Winto-

99 1104 203 1139 niam,
219 1103 336 1132 ordinis
351 1101 451 1131 Sancti
463 1100 610 1129 Benedicti
621 1122 628 1135 ,
646 1098 811 1128 licentiam
826 1098 972 1128 concedit
987 1097 1099 1127 utendi

99 1155 207 1195 pileis,
219 1155 386 1193 pecudinis
402 1153 450 1183 vel
465 1152 593 1190 agninis
605 1151 741 1190 pellibus
754 1151 918 1181 dumtaxat
933 1152 1097 1188 contextis,

98 1208 134 1238 in
155 1208 332 1238 officiorum
350 1206 555 1237 celebratione
573 1209 603 1234 et
621 1205 655 1234 in
680 1205 954 1243 processionibus,
974 1209 1100 1243 propter

99 1261 228 1298 frigoris
253 1259 502 1295 vehementiam,
521 1258 596 1297 quia
616 1269 630 1284 α
653 1257 755 1296 aliqui
774 1267 811 1287 ex
827 1258 995 1288 monachis
1023 1258 1099 1288 dicti

99 1313 285 1343 monasterii
309 1312 418 1343 mortis
435 1311 629 1350 periculum,
649 1311 780 1350 quidam
798 1320 873 1341 vero
891 1321 927 1341 ex
946 1312 991 1341 eis
1013 1320 1097 1341 mor-

99 1366 178 1396 bum
196 1365 392 1405 paraliticum
410 1369 440 1395 et
452 1364 507 1394 alii
526 1364 604 1394 alias
620 1364 761 1394 diversas
776 1364 973 1403 egritudines
988 1365 1100 1404 hujus-

90 1415 188 1449 'modi
212 1419 372 1449 occasione
392 1417 544 1448 hactenus
563 1418 787 1455 incurrerunt,
805 1422 834 1448 et
852 1418 1000 1448 monachi
1020 1418 1098 1449 alio-

100 1481 173 1501 rum
199 1471 463 1502 monasteriorum
489 1471 528 1501 de
558 1470 623 1501 illis
647 1471 789 1510 partibus
815 1472 881 1501 fere
909 1481 1038 1509 omnes,
1059 1473 1098 1502 ad

100 1524 284 1564 hujusmodi
299 1523 475 1563 periculum
490 1524 691 1561 evitandum,
715 1529 783 1555 tum
800 1534 836 1554 ex
853 1525 982 1564 speciali
997 1526 1097 1564 privi-

100 1576 183 1615 legio
194 1576 277 1607 sedis
290 1576 470 1615 apostolice,
487 1581 553 1607 tum
568 1586 605 1607 ex
620 1578 862 1613 consuetudine,
881 1579 915 1608 in
926 1579 1098 1617 processio-

101 1629 195 1660 nibus
209 1630 286 1668 ipsis
301 1631 345 1660 uti
360 1629 452 1668 pileis
467 1630 607 1669 pelliceis
623 1630 843 1661 dinoscuntur.
865 1644 878 1659 r,

140 1693 154 1711 ι
186 1683 306 1713 Meritis
334 1687 436 1713 vestre
462 1683 665 1722 religionis...
690 1701 728 1706 —
753 1685 824 1715 Dat.
856 1685 971 1722 Reate,
1003 1686 1096 1715 nonis

96 1735 184 1774 julii,
198 1744 282 1766 anno
295 1736 407 1775 primo.
427 1749 439 1764 ι

167 1920 252 1949 2⁰4
696 1924 786 1957 Rieu,
805 1926 818 1952 7
831 1926 926 1960 juillet
944 1926 1021 1954 1288.

132 1981 272 2018 Episcopo
286 1982 490 2012 Saresbiriensi
512 1987 666 2014 committit
681 1991 824 2022 quatenus
839 1990 968 2016 absolvat
982 1990 1093 2017 Johan-

99 2039 164 2058 nem
179 2031 214 2058 de
229 2031 381 2068 Woctone,
391 2034 587 2062 vicecomitem
604 2036 802 2071 VVyltesiriae,
819 2047 835 2064 a
850 2043 917 2065 voto
932 2039 1093 2074 peregrina-

99 2079 184 2106 tionis
194 2079 228 2106 ad
239 2079 381 2108 basilicam
392 2081 421 2108 S.
434 2082 510 2109 Petri
527 2084 561 2110 de
573 2084 651 2111 Urbe
666 2085 821 2112 faciendae.
832 2086 914 2119 (Rae.
928 2087 969 2118 44,
980 2096 1005 2114 c.
1020 2088 1091 2120 107²,

98 2127 118 2154 f.
134 2127 168 2154 ‘26
182 2134 228 2162 νος
245 2127 359 2164 Poma„
374 2130 479 2162 22754.)

144 2230 308 2261 Venerabili
326 2232 416 2270 fratri
434 2255 455 2263 ..
476 2237 607 2274 episcopo
627 2237 854 2268 Saresbz'riensi.
875 2251 887 2266 ι
909 2239 1024 2270 Petitio
1043 2241 1092 2271 di-

96 2282 170 2312 lecti
187 2283 245 2313 filii
264 2284 378 2314 nobilis
402 2287 460 2316 viri
477 2288 635 2318 Johannis
659 2290 698 2320 de
720 2291 888 2328 Woctone,
908 2293 1020 2323 militis
1040 2298 1092 2324 tue

95 2335 246 2375 diocesis,
267 2338 456 2370 vicecomitis
472 2341 668 2380 Wyltesirie,
686 2345 778 2374 nobis
794 2346 935 2376 exhibita
949 2348 1091 2378 coutine-

95 2388 148 2418 bat
169 2389 252 2428 quod
277 2391 436 2428 quondam
454 2398 552 2423 mater
575 2396 643 2435 ejus
668 2402 743 2427 tunc
765 2407 925 2437 pregnans
943 2400 982 2430 de
1005 2401 1090 2440 ipso,

93 2446 202 2480 partus
218 2444 390 2481 angustias,
407 2455 484 2484 quas
499 2449 640 2479 nondum
659 2455 786 2490 experta
803 2453 916 2491 fuerat,
936 2455 1044 2491 verita,
1063 2460 1092 2485 et

94 2503 150 2534 per
163 2495 222 2525 hoc
239 2505 271 2525 se
287 2498 389 2535 magis
404 2498 576 2547 humilians
592 2502 743 2539 Creatori,
756 2506 861 2536 eidem
876 2511 985 2537 votum
998 2509 1090 2538 emit-

95 2548 189 2578 tendo
208 2550 352 2588 promisit
366 2551 467 2590 quod,
486 2553 513 2582 si
532 2559 636 2593 partus
653 2557 721 2595 ejus
739 2564 820 2588 esset
837 2560 1016 2599 masculus,
1034 2562 1089 2591 de-

93 2601 230 2631 votionis
247 2606 277 2631 et
290 2605 552 2641 peregrinationis
574 2617 668 2639 causa
688 2610 818 2641 basilice
834 2613 986 2652 principis
1001 2623 1091 2653 apos-

93 2653 228 2684 tolorum
260 2655 297 2685 de
328 2656 415 2686 Urbe
446 2657 558 2689 limina
586 2661 742 2701 visitaret,
772 2666 931 2703 predictus
964 2676 1090 2706 quoqne

92 2705 210 2736 nobilis
230 2707 413 2739 illuminata
432 2717 538 2742 mente
562 2716 753 2754 conspitiens
771 2719 855 2757 quod
877 2720 944 2758 ipse
961 2720 1090 2751 Creator

92 2757 265 2790 clementer
280 2767 386 2799 egerat
402 2772 474 2793 cum
490 2765 610 2804 eadem,
623 2769 705 2806 quod
721 2780 776 2809 per
791 2781 861 2802 eam
877 2774 910 2802 in
927 2773 986 2803 hac
1002 2778 1090 2812 parte

92 2816 216 2850 gestum
231 2813 334 2845 fuerat
352 2818 534 2855 approbavit
554 2824 583 2849 et
603 2823 684 2852 vovit
703 2824 833 2864 insuper
849 2827 959 2857 eadem
974 2827 1090 2858 limina

93 2867 298 2904 personaliter
316 2870 453 2900 visitare.
473 2871 555 2902 Cum
571 2879 677 2905 autem
694 2877 760 2915 ipse
777 2879 893 2910 nobilis
914 2882 982 2919 J‘am
1001 2882 1090 2912 senio

92 2922 122 2948 et
138 2919 217 2949 alias
234 2921 394 2953 debilitate
406 2930 566 2964 gravatus,
583 2929 660 2958 etin
673 2931 829 2962 carissimi
844 2934 878 2963 in
893 2934 1020 2965 Christo
1032 2935 1090 2964 filii

92 2973 190 3002 nostri
204 2997 223 3003 ..
236 2976 319 3013 regis
331 2977 448 3015 Anglie
462 2979 596 3010 illustris
611 2981 645 3010 in
661 2983 879 3016 vicecomitatu
892 2988 1090 3027 Wyitesyrie

91 3026 228 3057 servitiis
248 3037 371 3059 moram
391 3031 538 3070 trahens,
556 3042 680 3066 necnon
694 3037 820 3068 viarum
835 3039 930 3078 longa
945 3042 1046 3080 spatia
1061 3046 1092 3072 et

231 3093 303 3121 Rse.
324 3095 447 3124 Nicotas
466 3097 517 3125 IV.

1182 434 1307 464 diversa
1328 435 1517 466 discrimina
1535 444 1664 472 eorum,
1683 435 1800 474 quibus
1825 444 1858 465 se
1875 435 2009 465 ulterius
2033 445 2189 475 exponere

1182 495 1246 516 non
1277 492 1324 517 est
1352 492 1455 518 tutum
1484 488 1605 524 eidem,
1628 487 1849 518 verisimiliter
1877 488 1994 517 timens
2020 497 2060 518 ne
2091 491 2189 528 possit

1182 541 1295 579 exequi
1332 541 1461 571 comode
1495 541 1683 580 hujusmodi
1718 546 1827 570 votum
1863 550 1978 577 suum,
2007 541 2090 579 quod
2121 543 2188 581 ipse

1181 592 1261 622 illud
1291 594 1474 624 elemosinis
1510 599 1540 624 et
1581 594 1654 623 aliis
1683 594 1743 633 piis
1775 593 1922 632 operibus
1952 594 2110 624 redimere
2138 595 2187 625 vel

1181 646 1215 674 in
1245 646 1334 676 aliud
1364 647 1425 677 sibi
1453 648 1555 685 magis
1584 647 1790 677 accomodum
1821 651 2017 677 commutare
2049 649 2146 686 possit
2170 657 2188 678 a

1181 699 1271 729 nobis
1297 700 1480 739 suppliciter
1509 701 1677 739 postulavit
1767 700 1966 739 presentium
1995 700 2053 730 tibi
2081 705 2186 731 aucto-

1181 752 1273 782 ritate
1299 754 1530 783 committimus
1547 756 1599 789 ut,
1621 763 1714 792 super
1734 753 1797 783 hiis
1822 762 1919 791 agens
1941 754 2188 784 misericorditer

1181 814 1255 834 cum
1293 805 1422 842 eodem,
1452 806 1556 844 ipsum
1596 806 1636 835 ab
1673 806 1859 845 hujusmodi
1894 811 1964 836 voto
2003 808 2187 838 auctoritate

1182 862 1289 888 nostra
1313 859 1471 893 absolvas,
1490 860 1616 897 proviso
1634 860 1757 889 cautius
1774 865 1808 888 ut
1825 860 1908 898 quod
1924 860 1991 897 ipse
2008 860 2122 890 nobilis
2138 861 2186 891 fo-

1182 916 1229 941 ret
1252 912 1287 941 in
1308 921 1365 941 sua
1384 913 1564 942 visitatione
1582 913 1766 951 hujusmodi
1788 922 1985 951 expensurus
2008 913 2110 943 eidem
2130 914 2186 943 ba-

1181 965 1268 994 silice
1280 966 1474 1003 quamtotius
1484 965 1619 996 fideliter
1626 966 1719 995 faciat
1728 966 1896 1003 assignari.
1908 966 2063 1004 Alioquin
2075 967 2114 996 ab
2128 967 2186 997 hoc

1181 1027 1244 1048 non
1273 1018 1428 1048 habeatur
1457 1018 1659 1057 aliquatenus
1682 1018 1854 1048 absolutus.
1876 1019 2100 1058 Rescripturus
2127 1029 2186 1050 no-

1181 1071 1229 1100 bis
1246 1071 1478 1101 nichilominus
1494 1072 1647 1111 quicquid
1662 1072 1697 1101 in
1715 1072 1880 1110 premissis
1894 1072 2076 1102 faciendum
2092 1073 2186 1103 duxe-

1182 1125 1241 1162 ris,
1264 1129 1293 1154 et
1312 1125 1390 1163 quid
1412 1128 1442 1154 et
1464 1129 1622 1163 quantum
1642 1125 1710 1163 ipse
1726 1124 1845 1154 nobilis
1861 1129 1986 1164 propter
2007 1125 2066 1155 hoc
2081 1126 2186 1156 eidem

1181 1177 1314 1208 basilice
1335 1178 1503 1208 destinarit
1521 1186 1576 1216 per
1595 1182 1664 1208 tuas
1684 1178 1804 1208 litteras
1820 1178 1936 1208 harum
1952 1178 2068 1208 seriem
2084 1179 2185 1209 conti-

1182 1235 1294 1261 nentes
1310 1230 1447 1261 fideliter
1463 1231 1589 1261 studeas
1604 1231 1790 1260 iutimare...
1812 1231 1882 1260 Dat.
1903 1235 2053 1270 utsupra.
2075 1244 2088 1258 ι

1253 1377 1343 1405 2115
1793 1376 1887 1409 Rieti,
1903 1377 1937 1403 24
1953 1378 2020 1404 aout
2036 1377 2114 1404 1288.

1216 1439 1364 1466 Fratribus
1375 1439 1484 1465 ordinis
1498 1440 1641 1465 minorum
1657 1439 1781 1465 declarat
1796 1439 1947 1473 quomodo<
1955 1442 2083 1474 tempore
2099 1448 2186 1474 gene-

1181 1489 1247 1515 ralis
1270 1488 1414 1515 interdicti
1435 1496 1466 1514 se
1490 1496 1589 1522 gerere
1605 1488 1736 1514 debeant.
1755 1487 1837 1521 (Rae.
1861 1488 1912 1519 44,
1929 1497 1954 1514 c.
1974 1488 2022 1515 108
2034 1511 2040 1520 ‚
2056 1489 2074 1515 f.
2091 1489 2124 1515 ‘27
2141 1496 2183 1522 r0;

1180 1536 1298 1569 Porru,
1315 1537 1411 1571 22782)
1426 1537 1473 1570 (1).

1220 1639 1339 1669 Dilectis
1365 1640 1440 1677 filiis
1466 1661 1486 1668 ..
1513 1640 1659 1669 ministro
1683 1640 1819 1676 qenerali
1843 1644 1869 1668 et
1891 1641 2042 1676 fratribus
2068 1641 2186 1670 ordinis

1178 1695 1335 1723 minorum
1360 1691 1508 1730 indulget
1533 1696 1568 1721 ut
1592 1695 1733 1730 tempore
1758 1691 1917 1729 generalis
1942 1691 2104 1721 interdicti
2129 1701 2185 1722 sua

1179 1746 1324 1777 confiteri
1342 1750 1469 1785 peccata
1485 1749 1515 1775 et
1531 1745 1570 1775 ab
1586 1745 1664 1783 ipsis
1679 1743 1801 1775 absolvi
1816 1753 1851 1774 ac
1867 1744 1965 1774 simul
1980 1744 2084 1782 legere
2102 1745 2183 1775 divi-

1179 1808 1259 1829 num
1275 1799 1428 1835 officium,
1440 1798 1555 1828 missas
1572 1798 1742 1834 celebrare,
1761 1806 1886 1827 necnon
1904 1797 2098 1836 temporibus
2112 1806 2183 1828 con-

1178 1853 1277 1883 suetis
1294 1853 1383 1891 juxta
1405 1860 1528 1882 morem
1544 1852 1698 1890 praedicti
1712 1851 1837 1881 ordinis
1857 1859 1964 1881 sacrae
1982 1851 2184 1881 communio-

1178 1906 1227 1935 nis
1244 1910 1274 1935 et
1289 1905 1451 1935 unctionis
1467 1908 1626 1934 extremae
1641 1907 1839 1934 sacramenta
1854 1904 1995 1942 recipere
2012 1903 2149 1933 valeant.

1219 1971 1232 1986 α
1258 1959 1382 1989 Meritis
1404 1963 1506 1988 vestre
1529 1958 1730 1996 religionis...
1748 1975 1787 1980 —
1804 1958 1874 1987 Dat.
1897 1958 2013 1994 Reate,
2030 1967 2101 1987 V1111
2124 1957 2182 1988 ka-

1176 2013 1288 2044 lendas
1304 2012 1506 2051 septembris,
1525 2020 1612 2042 anno
1628 2012 1743 2051 primo.
1767 2024 1780 2038 υ

1246 2158 1448 2187 zoe-zio
1794 2157 1889 2189 Rieu,
1910 2157 2017 2191 13Juin
2036 2156 2112 2184 1288.

1212 2222 1371 2249 Licentiam
1386 2220 1519 2248 concedit
1531 2220 1657 2247 testandi
1676 2220 1758 2254 (Rae.
1777 2220 1820 2251 44,
1838 2228 1864 2246 c.
1884 2220 1943 2251 109,
1960 2220 1980 2246 f.
1997 2219 2029 2246 27
2046 2220 2105 2252 rw).

1222 2325 1389 2355 Venerabili
1403 2325 1499 2360 fratri
1516 2323 1642 2359 Matheo,
1660 2323 1782 2360 Regenst
1798 2323 1943 2360 episcopo.

1216 2390 1230 2406 (ι
1254 2378 1337 2414 Quia
1361 2376 1518 2416 presentis
1540 2376 1642 2405 vite...
1662 2392 1700 2397 —-
1716 2375 1787 2405 Dat.
1808 2375 1923 2411 Reate,
1943 2375 2050 2405 idibus
2073 2375 2160 2414 Junii
2174 2399 2181 2412 ,

1175 2440 1260 2462 anno
1275 2431 1389 2470 primo.
1412 2442 1425 2457 ι,

1793 2495 1884 2525 Rieu,
1904 2496 1935 2521 17
1948 2496 2012 2529 juin
2030 2494 2111 2521 1288.

1216 2562 1253 2591 In
1270 2570 1297 2590 e.
1318 2570 1361 2589 m.
1385 2559 1514 2595 Jacobo,
1534 2559 1717 2589 Ydrontino
1735 2558 1892 2597 episcopo.
1916 2558 1988 2586 Dat.
2008 2557 2124 2594 Reate,
2143 2566 2182 2586 xv

1173 2613 1327 2644 kalendas
1344 2612 1433 2652 julii,
1450 2621 1536 2642 auno
1551 2612 1663 2651 primo.

1782 2678 1874 2707 Rieti.
1894 2678 1908 2704 3
1921 2677 2016 2711 juillet
2034 2677 2110 2704 1288.

1214 2744 1253 2773 In
1276 2752 1304 2773 e.
1327 2752 1369 2772 m.
1394 2742 1448 2779 N.‚
1469 2742 1666 2780 patriarchae
1680 2740 1949 2771 Jerosolimitano.
1968 2740 2038 2769 Dat.
2062 2740 2180 2776 Reate,

1174 2807 1194 2827 v
1211 2805 1312 2826 nonas
1327 2795 1418 2834 julii,
1435 2803 1520 2824 anno
1537 2795 1652 2833 primo.

1206 2916 1239 2946 (l)
1255 2915 1375 2939 Potthast
1390 2914 1496 2938 renvoie
1509 2921 1575 2944 pour
1588 2916 1656 2937 cette
1670 2914 1741 2937 bulle
1755 2914 1769 2936 a
1784 2912 1927 2943 sbaraglia,
1940 2912 1996 2936 Bul.
2013 2913 2115 2942 Frzmc„
2133 2911 2179 2941 IV,

1174 2968 1200 2991 p.
1215 2959 1254 2987 32,
1269 2963 1297 2982 n⁰
1311 2958 1348 2986 45,
1363 2965 1396 2981 au
1411 2958 1463 2981 lieu
1479 2957 1510 2981 de
1524 2964 1590 2988 page
1602 2956 1639 2984 3‘2,
1655 2960 1683 2980 n⁰
1700 2956 1737 2981 44.
1754 2955 1821 2979 Sous
1834 2957 1859 2979 le
1871 2956 1980 2979 numero
1993 2955 2030 2984 45,
2047 2954 2181 2986 Sbaraglia

1173 3005 1263 3035 publie
1275 3005 1299 3027 la
1313 3004 1383 3027 bulle
1398 3007 1426 3026 n⁰
1442 3002 1483 3026 124
1500 3002 1535 3026 du
1551 3002 1626 3033 Reg..
1643 3002 1701 3032 deja
1716 3001 1820 3032 publie'e
1831 3008 1876 3031 par
1890 2999 2025 3031 Waddiug
2037 3003 2063 3023 et
2077 3000 2181 3023 oublie'e

1173 3057 1220 3080 par
1234 3049 1360 3073 Potthast.

2024 3103 2037 3128 5
