2342 3652
910 404 1138 439 DEUXIEME
1160 402 1315 440 ANNEE.
2099 422 2155 452 385

37 511 39 514 y
69 472 264 502 sufficientes
281 477 312 502 et
327 480 391 502 non
408 472 567 510 legitimas
585 473 836 510 pretendentem.
857 474 923 504 Nos
943 475 1069 513 itaque,

68 525 207 555 volentes
222 534 315 564 super
327 526 385 555 hoc
399 525 484 555 circa
498 525 636 554 eundem
651 526 927 565 archiepiscopum
945 528 1068 557 solitam

67 578 233 617 apostolice
257 578 340 608 sedis
364 578 648 608 mansuetudinem
673 579 844 609 observare
869 590 904 610 ac
930 581 1070 618 benigue

67 634 159 670 agere
174 640 246 661 cum
263 632 374 661 eodem
387 653 394 667 ‚
412 631 688 677 archiepiscoppm
704 633 808 670 ipsum
821 656 828 668 ‚
848 639 992 671 presente
1012 634 1071 663 hac

66 684 208 714 fidelium
230 683 436 714 multitudine
455 684 598 721 copiosa,
624 685 836 723 peremptorie
859 687 1014 722 citamus,
1038 691 1072 716 ut

67 738 150 769 intra
170 738 284 767 festum
307 737 488 767 Nativitatis
506 737 588 766 beati
608 737 769 767 Johanuis
792 739 935 776 proximo
961 743 1071 768 ventu-

67 800 156 828 rum,
183 791 268 830 quod
294 791 350 820 sibi
379 799 434 829 pro
463 791 674 829 peremptorio
704 791 890 829 prefigimus
917 792 1071 827 termino,

66 845 126 875 suh
141 844 366 883 suspensionis
380 868 386 880 ,
413 843 618 882 depositionis
634 847 663 872 et
679 845 1016 874 excommunicationis
1035 854 1072 874 ac

67 897 138 928 aliis
155 897 376 936 spiritualibus
398 888 504 935 peni&
527 901 706 934 compareat
732 896 941 934 personaliter
966 906 1071 927 coram

69 938 271 988 nabis‚suam
286 950 320 979 in
334 950 545 988 premissis,si
559 950 908 988 poterit,iuuoceutiain
920 956 1071 988 purgatu-

68 1013 138 1041 rus,
151 1012 190 1034 ac
205 1005 366 1043 pariturus
384 1003 526 1042 plenarie
545 1003 661 1032 nostris
686 1008 716 1032 et
737 1003 869 1033 ecclesie
889 1003 1071 1041 beneplaci—

39 1050 108 1088 ··tis
138 1062 170 1087 et
198 1057 369 1087 mandatis.
401 1058 448 1086 Ac
485 1056 715 1086 nichilominus
752 1066 853 1095 usque
881 1057 921 1086 ad
955 1057 1071 1086 festum

68 1111 273 1142 Ascensionis
299 1110 458 1140 dominice
482 1110 626 1148 proximo
650 1114 822 1139 venturum
847 1110 974 1140 civitate
1000 1120 1071 1149 pre—

55 1163 150 1194 'dicta
170 1164 305 1203 ejusque
327 1163 472 1193 districtu
488 1163 616 1201 penitus
637 1168 737 1199 exeat,
752 1163 791 1192 ad
810 1172 873 1199 eOS,
897 1164 960 1193 nisi
982 1166 1072 1203 prius

65 1225 101 1248 se
121 1221 230 1247 nostro
255 1216 439 1255 conspectui
461 1216 669 1255 personaliter
690 1221 872 1254 presentare
894 1218 1069 1255 curaverit,

44 1256 49 1261 .
65 1269 249 1300 nullatenus
262 1278 467 1310 reversurus.v
479 1269 632 1308 Alioquin
651 1274 760 1299 contra
775 1279 849 1299 eum
865 1270 1071 1309 spiritualiter

64 1322 356 1362 et'temporaliter,
381 1328 474 1361 prout
495 1322 633 1362 qualitas
655 1322 729 1353 facti
751 1324 887 1353 suaserit
908 1329 937 1353 et
960 1328 1070 1354 contu-

66 1375 170 1406 macia
191 1376 261 1415 ejus
282 1376 423 1413 exegerit
443 1384 479 1405 ac
499 1375 648 1415 expedire
673 1376 866 1414 viderimus,
882 1383 984 1406 actore
1009 1377 1070 1407 Do-

63 1429 165 1466 mino,
182 1429 398 1468 procedemus.
411 1429 454 1459 Ut
469 1434 576 1458 autem
590 1429 774 1467 hujusmodi
790 1435 895 1459 noster
905 1438 1070 1469 processus

67 1486 137 1519 etc.,
161 1491 263 1521 usque
287 1482 510 1521 publicabunt.
536 1483 584 1513 Ita
612 1483 696 1522 quod
712 1483 797 1512 idem
814 1483 1070 1522 archiepiscopus

67 1535 188 1567 nullam
205 1540 278 1572 etc.,
295 1545 398 1574 usque
415 1537 448 1565 in
464 1536 539 1566 fine.
558 1548 570 1562 ι

136 1747 255 1777 2123
434 1747 786 1782 Sainte-Ma1·ie-MaJeui·e‚
805 1749 818 1775 7
833 1749 903 1775 avril
922 1749 997 1776 1289.

101 1834 260 1862 processus
275 1839 373 1862 contra
389 1835 521 1862 Pisanos.
538 1835 620 1867 (Res.
634 1837 676 1867 44,
693 1845 718 1863 c.
736 1838 760 1867 7,
778 1837 797 1863 f⁴
817 1837 866 1864 306
883 1838 933 1871 vo.)

104 1951 245 1981 Nicotaus
265 1955 318 1982 etc.
343 1952 387 1981 Ad
411 1952 623 1981 certitudinem
638 1953 825 1989 presentium
844 1958 870 1981 et
889 1955 1068 1982 memoriam

44 2004 255 2041 'futurorum.
291 2017 304 2031 ‹
326 2004 435 2034 Refert
459 2005 576 2035 nostris
602 2005 788 2035 sensibus..·.
806 2005 898 2035 Cives
918 2006 1068 2042 Pisanos,

41 2055 48 2064 ”
66 2062 211 2097 presente
229 2057 289 2088 hac
305 2057 451 2088 fidelium
468 2057 679 2088 multitudiue
695 2059 831 2097 copiosa,
850 2068 1019 2089 monemus
1037 2064 1070 2088 ut

41 2108 58 2151 ᾖ
66 2111 220 2150 prefatum
233 2111 428 2148 Guidonem,
440 2112 525 2141 infra
538 2121 681 2142 mensem
699 2121 717 2141 a
732 2111 783 2142 die
799 2117 905 2142 nostre
923 2112 1068 2142 monitio—

65 2160 117 2194 iiis
134 2164 321 2203 hujusmodi
339 2165 605 2204 computandum,
623 2174 719 2204 quem
744 2174 838 2204 super
863 2165 922 2195 hoc
947 2166 992 2195 cis
1014 2174 1069 2204 pro

64 2212 274 2257 peremptorio
289 2218 426 2249 termino
439 2219 654 2256 assignamus,
667 2219 706 2248 de
718 2228 774 2249 suo
788 2219 930 2249 dominio
941 2228 1069 2258 prorsus

47 2270 233 2310 ⁸²=expellaut,
248 2280 308 2301 nec
323 2271 362 2301 ad
375 2271 554 2310 predictum
568 2271 617 2301 vel
632 2271 774 2302 officium
789 2272 878 2302 aliud
893 2273 925 2302 in
941 2272 1068 2302 civitate

50 2324 204 2362 ,predicta
222 2324 273 2355 vel
295 2325 365 2364 ejus
387 2325 532 2355 districtu
551 2326 657 2364 ipsum
675 2326 896 2364 quoquomodo
913 2326 1069 2364 recipiant

24 2387 29 2392 ·
54 2374 115 2407 'vel
139 2378 309 2407 admittant
325 2382 381 2408 aut
403 2378 531 2417 aliquod
552 2379 587 2408 in
612 2380 657 2408 eis
680 2388 736 2417 per
759 2389 792 2408 se
815 2379 864 2409 rel
888 2379 986 2409 alium
1013 2389 1067 2409 seu

51 2428 142 2461 &lios
171 2431 356 2470 permittant
383 2432 524 2462 officium
555 2441 713 2463 exercere.
740 2433 908 2462 Monemus
938 2433 1069 2472 iusuper

53 2478 278 2525 jmemoratum
298 2483 480 2518 Guidonem
499 2489 531 2514 ut
548 2485 587 2514 ad
601 2485 752 2522 confinia,
767 2486 847 2515 sicut
861 2486 1066 2524 premittitur,

63 2535 137 2567 tiata
156 2537 216 2567 sibi
234 2541 264 2567 et
278 2538 318 2567 ab
333 2537 402 2576 ipso
420 2543 560 2577 recepta,
577 2538 731 2568 dilatione
751 2539 896 2569 submota
912 2539 1066 2577 qualibet,

54 2585 255 2628 Revertatur
272 2600 372 2630 eaque
388 2592 526 2622 firmiter
544 2601 670 2622 servare
691 2592 814 2622 studeat
831 2597 861 2622 et
885 2598 1001 2622 tenet-‚e
1020 2594 1066 2622 Ac

59 2642 298 2674 nichilominus
321 2644 407 2674 infra
427 2645 583 2684 prefatum
606 2650 730 2684 tempus
752 2654 807 2683 per
831 2649 1067 2684 ptwocuratofflm

52 2645 156 2734 {laum
171 2696 318 2735 legitime
333 2698 553 2734 constitutum,
570 2707 741 2728 commune
754 2706 828 2728 vero
844 2697 998 2727 Pisanum
1012 2707 1066 2736 per

42 2801 156 2833 nohis
166 2811 348 2842 comparere
362 2809 543 2843 procurent,
553 2804 760 2843 beneplacitis
771 2810 800 2835 et
810 2805 969 2834 mandatis
979 2813 1067 2843 apos-

59 2853 164 2885 *olicis
183 2865 277 2895 super
298 2858 464 2896 piemissis
483 2858 654 2888 humilitei
674 2861 702 2887 et
725 2857 893 2887 θῶςεείῑιι·
919 2857 1063 2896 parituri.

59 2906 216 2948 Alioquin
234 2915 343 2940 contra
363 2919 415 2941 eos
436 2916 466 2941 et
483 2912 643 2941 civitatem
661 2911 794 2940 eandem
814 2910 1021 2949 spiritualiter
1036 2915 1067 2940 et

61 2961 293 3001 temporaliter,
311 2967 403 3002 prout
417 2964 556 3003 qualitas
572 2965 645 2994 facti
663 2964 800 2994 suaserit
821 2968 851 2993 et
870 2964 1066 2994 contumatia

63 3018 174 3045 uorum
191 3016 331 3054 exegerit
347 3026 383 3047 ac
398 3017 547 3056 expedire
571 3017 763 3052 viderimus,
785 3022 888 3047 actore
908 3017 1062 3054 Domino,

203 3135 275 3163 Res.
295 3135 418 3164 Niconis
438 3136 491 3163 IV.

55 2749 176 2794 porum
201 2749 389 2788 syndicum,
413 2751 453 2781 ad
483 2751 541 2781 hoc
564 2751 748 2781 ordinatum
775 2751 936 2789 legitime,
960 2759 1066 2780 coram
1087 2772 1090 2775 ⁴

63 3068 279 3109 procedemus·
295 3070 340 3101 Ut
358 3075 465 3101 autem
479 3071 664 3110 hujusmodi
680 3076 786 3101 noster
802 3079 966 3110 processus
982 3075 1042 3100 etc.
1054 3093 1062 3108 ‚
1089 3079 1094 3082 ·

1157 485 1255 514 usque
1271 477 1484 514 publicabunt.
1504 480 1550 509 Ita
1566 481 1648 519 quod
1662 482 1760 512 iidem
1775 483 1879 514 Guido
1892 489 1922 514 et
1934 494 2104 517 commune
2117 497 2152 518 ac

1154 528 1211 557 alii
1228 538 1305 567 quos
1323 540 1487 568 processus
1504 533 1570 571 ipse
1589 536 1744 572 contingit
1760 541 1836 573 etc.,
1856 547 1954 576 usque
1976 539 2009 568 iu
2027 540 2101 570 fine.
2122 552 2136 567 »

1227 714 1346 742 2124
1507 717 1865 757 Sainte-Marie-Majeure,
1886 725 1899 750 7
1921 725 1989 750 avril
2009 725 2083 751 1289.

1194 774 1352 802 Processus
1383 782 1480 804 contra
1510 779 1670 807 Guidouem
1698 782 1733 808 de
1762 783 1941 811 Montefeltro
1966 790 1993 812 et
2016 786 2155 820 quosdam

1154 823 1234 850 alios.
1251 824 1333 856 (Hes.
1353 827 1395 858 44,
1413 834 1438 852 c.
1455 827 1480 861 S,
1497 828 1516 853 f.
1533 828 1582 854 307
1600 832 1646 861 νῦ.)

1194 927 1336 956 Νἰεοῖαηε
1353 932 1406 958 etc.
1422 950 1430 964 ‚
1451 929 1489 957 αιῐ
1505 932 1714 960 certitudinem
1730 936 1915 970 presentium
1933 941 1959 964 et
1980 939 2155 966 memoriam

1154 979 1347 1014 futurorum.
1373 992 1386 1006 α
1411 981 1521 1019 Nuper
1545 983 1636 1012 nobis
1661 984 1723 1013 fide
1751 984 1847 1022 digna
1876 987 1988 1016 relatio
2015 989 2158 1025 patefecit

1155 1032 1238 1069 quod
1256 1032 1435 1071 iniquitatis
1448 1034 1508 1063 filii
1524 1034 1627 1065 Guido
1643 1036 1681 1066 de
1698 1037 1910 1076 Montefeltro‚
1929 1041 2155 1077 Bonuscomes,

1155 1089 1262 1121 natus,
1286 1090 1315 1114 et
1338 1085 1500 1122 Galasius,
1525 1090 1783 1127 consanguineus
1806 1092 1893 1129 ejus,
1918 1101 1953 1121 ac
1976 1093 2158 1131 Raynerius

1154 1137 1256 1166 dictus
1273 1138 1384 1173 Pazus,
1403 1140 1564 1177 preteritis
1582 1146 1694 1171 contra
1703 1151 1871 1173 romanam
1887 1144 2053 1174 ecclesiam
2071 1154 2157 1175 coni-

1154 1190 1261 1219 missis
1279 1192 1460 1222 excessibus
1479 1201 1543 1222 non
1560 1195 1712 1230 contenti,
1727 1204 1774 1232 ac,
1791 1197 1992 1235 exigentibus
2007 1199 2158 1235 gravissi-

1155 1244 1213 1272 mis
1237 1243 1338 1282 cnlpis
1361 1245 1444 1282 suis,
1461 1245 1590 1276 vinculo
1611 1250 1950 1279 excommunicationis
1971 1252 2106 1287 astricti,
2125 1260 2158 1281 se

1153 1296 1189 1326 ad
1212 1297 1369 1327 nonnulla
1385 1298 1528 1328 civitates
1548 1304 1577 1329 et
1593 1305 1693 1330 castra
1708 1303 1867 1340 provintie
1889 1304 2002 1333 Tuscie
2023 1312 2058 1334 ac
2078 1304 2157 1334 alia-

1154 1359 1225 1379 rum
1243 1351 1420 1380 vicinarum
1442 1353 1580 1390 partium
1597 1355 1783 1392 conferunt,
1805 1356 1955 1386 adversus
1971 1362 2088 1387 statum
2107 1367 2157 1388 ec-

1153 1403 1249 1433 clesie
1275 1413 1469 1443 suorumque
1492 1406 1635 1436 fidelium
1667 1409 1864 1439 turbationes
1889 1414 1919 1439 et
1940 1411 2087 1440 scandala
2112 1416 2155 1441 te-

1154 1457 1300 1486 merariis
1333 1458 1461 1488 ausibus
1491 1460 1724 1490 machinantes.
1755 1461 1908 1492 Nolentes
1940 1463 2046 1502 itaque
2084 1463 2155 1493 talia

1153 1511 1368 1548 equanimiter
1390 1512 1564 1549 sustinere,
1590 1514 1757 1544 universos
1781 1515 2049 1554 archiepiscopos,
2075 1517 2154 1554 epis-

1153 1571 1245 1601 copos
1263 1569 1292 1593 et
1309 1564 1445 1602 prelatos
1461 1564 1538 1595 alios
1552 1566 1778 1605 ecclesiarum,
1794 1569 2023 1607 cujuscumque
2039 1574 2153 1607 status,

1152 1617 1316 1654 dignitatis
1332 1622 1361 1646 et
1376 1619 1567 1648 conditionis
1584 1621 1732 1655 existant,
1749 1630 1785 1651 ac
1800 1622 1895 1651 etiam
1914 1626 2092 1661 potestates,
2105 1632 2154 1652 ca-

1154 1670 1312 1708 pitaneos,
1332 1671 1530 1702 consiliarios
1548 1678 1578 1702 et
1597 1674 1842 1704 communitates
1860 1675 2022 1704 civitatum
2039 1680 2069 1705 et
2086 1685 2154 1705 cas—

1153 1727 1274 1752 trorum
1293 1724 1433 1762 ipsorum
1446 1748 1453 1761 ,
1470 1731 1616 1763 presente
1634 1726 1693 1756 hac
1708 1720 1859 1757 ‘fidelium
1878 1727 2085 1758 multitudine
2103 1737 2154 1758 co-

1153 1776 1251 1814 piosa,
1263 1786 1431 1807 monemus
1443 1783 1477 1808 ut
1487 1779 1645 1817 predictos
1659 1780 1853 1817 Gufflouem,
1866 1781 2153 1819 Bounmcomhem,

1153 1829 1317 1859 Galasium
1334 1835 1363 1860 et
1380 1831 1579 1870 Rayuerium
1593 1832 1631 1862 de
1652 1833 1848 1869 civitatibus,
1865 1834 1976 1863 castris
1993 1843 2048 1864 seu
2065 1835 2154 1864 terris

1154 1883 1219 1912 suis
1236 1887 1266 1912 et
1284 1892 1393 1913 eornm
1408 1884 1622 1922 jurisdictioni
1647 1895 1704 1915 seu
1727 1887 1871 1924 potestati
1894 1886 2056 1925 subjectis,
2082 1887 2155 1917 sub-

1152 1936 1215 1965 lato
1232 1944 1319 1966 more
1333 1937 1510 1975 dispendio,
1523 1947 1652 1976 prorsus
1666 1939 1836 1977 expellant,
1853 1948 1904 1969 eos
1917 1939 2063 1975 ulterius,
2083 1949 2155 1978 pre-

1153 1990 1261 2019 sertim
1278 1990 1317 2019 ad
1333 1990 1439 2029 aliqua
1454 1991 1558 2021 officia
1572 1991 1709 2030 publica,
1726 1992 1863 2022 minime
1883 1993 2049 2031 recepturi.
2065 1992 2153 2023 Alio-

1152 2043 1230 2081 quin
1265 2048 1375 2073 coutra
1402 2052 1454 2073 eos
1477 2048 1506 2073 et
1529 2045 1689 2080 civitates,
1715 2050 1815 2074 castra
1838 2049 1868 2074 et
1892 2050 1990 2075 terras
2013 2046 2153 2084 ipsorum

1152 2096 1360 2135 spiritualiter
1376 2102 1405 2126 et
1422 2097 1646 2136 temporaliter,
1661 2103 1754 2136 prout
1768 2098 1904 2136 qualitas
1919 2099 1992 2128 facti
2009 2099 2152 2134 suaserit,

1153 2159 1263 2180 eornm
1283 2151 1479 2180 contumatia
1495 2151 1634 2189 exegerit
1650 2157 1680 2180 et
1697 2152 1845 2190 expedire
1868 2152 2062 2188 viderimus,
2080 2160 2154 2181 auc-

1122 2232 1123 2235 ,
1153 2209 1218 2234 tore
1241 2204 1379 2234 Domino
1392 2227 1399 2241 ‚
1418 2205 1635 2243 procedemus.
1656 2205 1699 2235 Ut
1713 2209 1821 2235 autem
1837 2205 2023 2244 hujusmodi
2048 2209 2154 2234 noster

1151 2266 1314 2296 processus
1328 2263 1398 2293 etc.,
1416 2268 1516 2296 usque
1531 2258 1748 2297 publicabunt.
1767 2259 1814 2288 Ita
1830 2259 1915 2297 quod
1934 2259 2031 2288 iidem
2048 2257 2152 2288 Guido

1151 2310 1247 2340 etalii
1263 2319 1341 2349 quos
1358 2320 1521 2349 processus
1534 2312 1600 2349 ipse
1615 2311 1773 2349 contingit
1789 2316 1860 2348 etc.,
1879 2320 1981 2349 usque
1996 2312 2031 2340 in
2046 2310 2121 2340 fine.
2138 2323 2150 2336 ιι

1220 2489 1336 2518 2175

1184 2549 1345 2576 Processus
1378 2554 1476 2577 contra
1510 2550 1643 2576 bannitos
1677 2550 1828 2577 ecclesiae.
1863 2550 1944 2581 (Res.
1980 2549 2030 2580 44,
2061 2557 2086 2575 c.
2116 2549 2149 2582 9,

1148 2599 1168 2624 f.
1186 2598 1235 2625 307
1252 2599 1298 2632 1¹⁰.)

1505 2488 1863 2523 Sainte-Marie—Majeure,
1882 2490 1894 2515 7
1912 2489 1981 2515 avril
2004 2488 2079 2514 1:¹89.

1187 2700 1328 2730 Nicotaus
1347 2706 1399 2729 etc.
1416 2701 1461 2729 Act
1479 2700 1692 2731 certitudinem
1712 2702 1898 2738 presentium
1920 2704 1946 2729 et
1969 2701 2147 2728 memoriam

1147 2755 1335 2789 futurorum.
1356 2753 1498 2783 Eandem
1511 2754 1723 2784 monitionem
1737 2762 1833 2792 quam
1847 2757 1955 2783 contra
1968 2752 2149 2782 Gnidonem

1147 2806 1185 2835 de
1203 2805 1406 2835 Montefeltro
1423 2811 1451 2835 et
1467 2805 1638 2844 complices
1655 2807 1723 2844 ejus
1740 2806 1813 2835 fecit
1831 2806 1922 2834 mittit
1937 2810 2046 2835 contra
2068 2805 2149 2834 ban-

1147 2860 1230 2889 nitos
1250 2859 1402 2889 ecclesiae
1425 2860 1480 2898 qui
1510 2871 1522 2885 ι
1539 2859 1579 2888 ad
1603 2858 1761 2889 nonnulla
1782 2859 1923 2888 civitates
1945 2863 1975 2888 et
1999 2863 2101 2888 castra
2121 2861 2151 2888 et

1149 2917 1246 2942 terras
1264 2912 1377 2941 Tuscie
1400 2920 1435 2941 ac
1456 2911 1646 2942 Romaniole
1669 2920 1702 2941 se
1726 2911 1869 2941 couferre
1892 2920 1955 2941 non
1983 2915 2148 2947 metuunt,

1146 2968 1255 2995 contra
1270 2969 1385 2994 statum
1401 2965 1543 3004 ejusdem
1562 2965 1694 2995 ecclesie
1709 2973 1904 3003 suorumque
1920 2964 2064 2994 fidelium
2082 2969 2146 2994 tur-

1145 3018 1290 3048 bationes
1305 3022 1335 3047 et
1352 3017 1501 3047 scandala
1517 3018 1620 3056 pravis
1637 3018 1772 3048 auxibus
1787 3017 2020 3048 machinantes.
2042 3029 2055 3044 n

1188 3082 1201 3097 α
1219 3071 1347 3100 Dudum
1364 3079 1495 3101 romana
1511 3071 1682 3101 ecclesia...
1704 3082 1718 3098 a

1975 3138 2008 3165 49
