2342 3652
901 389 1128 428 DEUXIEME
1145 390 1302 428 ANNE'E.

128 463 242 493 1⁰46
642 463 728 494 Rieti,
754 464 780 489 ll
797 464 892 498 juillet
909 464 984 490 1289.

91 526 206 554 Collatio
229 525 446 551 beneficiorum.
473 525 555 557 (Rae.
574 526 622 559 44,
648 534 673 552 c.
691 526 752 559 289,
768 527 787 552 f.
807 527 852 552 171
872 534 915 557 v⁰;
933 526 999 553 Lar.
1023 535 1057 553 nn

55 576 151 609 Tuum,
167 574 204 606 II,
223 573 294 605 166.)

99 662 315 693 Venerabilibus
339 662 490 697 fratribus
513 683 533 690 ..
558 663 780 699 Monopozitano
803 667 829 691 et
853 685 873 691 ..
904 663 1060 699 Viqiliensi

56 716 195 756 episcopis
207 724 241 744 ac
259 716 363 744 dilecto
377 715 441 751 sil1'o
457 715 590 743 Gm'cloni
608 715 642 743 de
658 715 834 750 Novavillu,
855 716 1005 752 preposito
1024 716 1058 743 cle

55 769 216 807 Hasenyeio
228 769 260 797 in
276 768 396 797 ecclesia
407 767 595 797 Car-nolensi.
616 780 627 795 u
645 767 708 797 Sua
718 767 809 796 nobis
825 767 960 797 dilectus
972 767 1057 797 filius

54 821 202 855 Nicotaus
213 820 312 851 Blasii
330 821 367 850 de
385 821 533 856 niu-ecto,
551 821 727 859 presbyter,
746 821 919 850 canonicus
938 820 1057 850 Bai-en-

54 866 113 914 nsis,
128 875 261 905 clericus
275 878 305 903 et
323 874 489 903 familiaris
505 873 614 903 dilecti
631 873 692 902 filii
707 874 853 911 magistri
868 874 1003 903 Berardi
1019 874 1057 903 de

53 924 320 967 Neapoli‚notarii
337 928 447 960 nostri,
458 928 609 966 petitione
625 927 815 957 monstravit
830 927 914 965 quod
929 936 986 957 005
1000 927 1058 957 (111-

55 977 140 1017 tium,
157 980 299 1010 volentes
310 980 370 1010 sibi
380 981 517 1018 gratiam
528 981 631 1010 facere
641 980 819 1019 spetialem,
831 981 1055 1010 canonicatum

54 1031 180 1066 ecclesie
191 1034 353 1069 Bar-ensis,
371 1042 444 1063 cum
460 1033 663 1073 plenitudine
677 1034 760 1072 juris
769 1034 927 1069 canonici,
940 1042 976 1063 ac
989 1043 1057 1071 pre·
1080 1065 1084 1069 ,

38 1072 187 1120 '‘bendam
202 1087 284 1117 nulli
295 1087 351 1116 alii
365 1087 404 1117 de
419 1088 491 1125 jure
503 1087 653 1121 debitam,
671 1087 699 1116 si
715 1087 824 1126 quain
843 1088 911 1125 ipsa
923 1087 1056 1116 ecclesia

40 1132 128 1172 7tunc
140 1140 284 1175 vacabat,
307 1149 380 1170 cum
397 1140 546 1170 omnibus
559 1141 688 1179 juribus
704 1144 734 1169 et
750 1140 956 1179 pertinentiis
971 1141 1052 1175 suis,

37 1187 232 1231 {auctoritate
256 1193 427 1231 apostolica
455 1193 651 1223 contulimus
679 1197 709 1222 et
734 1193 934 1231 providimus
958 1194 1055 1222 etiam

28 1244 90 1278 >tle
103 1245 241 1282 eisdem
259 1246 286 1275 si
303 1255 376 1276 vero
396 1247 486 1276 nulla
504 1247 574 1276 talis
598 1247 759 1284 prebenda
777 1250 853 1276 tuuc
871 1247 1002 1276 vacabat
1019 1246 1055 1275 111

41 1299 179 1331 fficclesia
190 1299 381 1338 supradicta,
394 1300 590 1338 prebendam
604 1300 747 1338 proximo
760 1299 842 1329 inibi
858 1304 1053 1336 vacaturam,

18 1387 19 1390 Ἰ
35 1374 52 1384 ,,
95 1361 112 1382 0
125 1352 164 1382 de
181 1353 253 1392 jure
270 1353 353 1383 nulli
373 1353 429 1383 alii
445 1353 626 1389 deberetur,
643 1354 869 1384 conferendam
886 1354 963 1390 sibi,
981 1362 1054 1383 cum

39 1396 188 1442 limaret,
204 1404 370 1434 donationi
387 1405 557 1443 apostolice
578 1405 728 1435 duximus
739 1405 966 1435 reservandam
976 1407 988 1441 ‚¹
1001 1406 1053 1435 de-

40 1443 212 1490 l'zornentes
226 1458 356 1487 irritum
372 1462 402 1488 et
416 1458 514 1488 inane
528 1459 554 1488 si
571 1467 661 1488 secus
677 1467 772 1496 super
782 1458 848 1487 hiis
861 1467 879 1488 a
892 1467 1054 1497 quoquam

42 1503 246 1548 {contingeret
267 1513 468 1550 attemptari:
488 1520 551 1541 non
570 1512 714 1541 obstante
736 1513 821 1551 quod
844 1512 931 1542 idem
953 1513 1052 1542 Nico-

42 1551 116 1595 'inus
129 1563 423 1594 archidiaconatum
438 1566 471 1594 in
489 1565 674 1602 Botontina‚
693 1566 919 1595 canonicatum
937 1570 967 1596 et
982 1575 1051 1604 pre-

43 1612 183 1661 [mendam
197 1618 231 1647 in
248 1617 355 1648 Sancti
371 1618 499 1649 Nicolai
514 1619 651 1649 Bai-ensi
668 1618 824 1655 000105115,
839 1628 874 1649 30
886 1619 1053 1650 0001051301

39 1665 155 1702 'Sancti
170 1671 270 1701 Marci
291 1671 331 1701 ad
350 1671 548 1709 Pullectum,
577 1673 628 1701 cui
654 1681 730 1702 cura
750 1681 814 1702 non
845 1673 960 1702 iminet
983 1675 1052 1702 ani—

43 1723 183 1761 ffilarum,
201 1729 231 1754 et
249 1729 434 1764 perpetuum
453 1725 646 1755 beneficium
661 1726 694 1754 10
713 1726 846 1756 00010513
862 1726 971 1756 Sancti
986 1728 1054 1756 An-

45 1771 112 1816 &eli
128 1777 166 1808 de
182 1778 333 1815 Bitrecto,
350 1779 555 1809 Salernitane
572 1784 602 1809 et
618 1780 769 1809 Barensis
787 1780 974 1817 diocesium‚
996 1781 1052 1810 ob-

37 1819 178 1862 ‘tinehat
189 1832 362 1862 Voluimus
374 1837 482 1863 autem
494 1833 590 1872 quod,
605 1838 770 1872 postquam
783 1833 885 1863 dictus
902 1834 1053 1864 Nicolaus

42 1874 200 1927 {tl-edictos
221 1886 448 1916 canonicatum
471 1891 500 1916 et
520 1887 717 1925 prebendam
731 1887 765 1916 in
778 1887 900 1925 prefata
917 1886 1053 1917 Barensi

42 1935 178 1974 §eclesia
192 1943 274 1969 esset
288 1940 418 1978 pacifice
434 1945 597 1970 assecutus
614 1945 643 1970 et
658 1941 781 1971 fructus
795 1942 956 1980 percipere
972 1942 1053 1972 iuci-

39 1980 132 2035 ¹{teret
145 2000 181 2022 ex
199 1992 334 2030 eisdem,
355 1993 523 2023 ecclesiam
546 1994 654 2023 Sancti
680 1994 781 2024 Marci
798 2003 833 2024 ac
857 1995 1052 2026 beneficium

45 2039 186 2084 *ejusdem
203 2046 335 2076 ecclesie
355 2047 463 2076 Sancti
480 2047 599 2085 Angeli
620 2047 813 2086 supradicta,
835 2057 897 2086 que
917 2058 953 2078 ex
979 2053 1053 2079 tunc

18 2105 23 2112 ·
44 2086 155 2134 ''jacare
171 2098 383 2137 decrevimus,
396 2101 529 2130 omnino
545 2101 706 2130 dimittere
724 2105 896 2138 teneretur,
912 2107 1002 2141 prout
1017 2104 1051 2132 in

43 2152 160 2190 *nostris
175 2151 287 2182 litteris
302 2162 358 2192 per
373 2153 433 2184 1100
449 2154 508 2184 sibi
525 2155 683 2184 concessis
704 2154 831 2192 plenius
849 2156 1050 2194 continetur,

47 2197 156 2247 §eteris
171 2205 232 2236 sibi
246 2215 340 2245 super
358 2207 418 2236 hoc
442 2208 663 2238 executoribus
684 2217 738 2247 per
757 2208 838 2239 alias
853 2215 978 2240 nostras
994 2211 1053 2241 sub

46 2248 237 2298 4ξεῖ-13101013
255 2259 376 2290 litteras
389 2260 561 2299 deputatis.
580 2261 701 2291 Verum
719 2263 795 2300 quia
814 2263 849 2292 in
867 2264 977 2293 eadem
993 2266 1053 2295 Ba-

43 2296 331 2357 ξ’005100010513,10
341 2322 403 2352 qua
413 2318 516 2344 certus
527 2318 574 2344 est
583 2315 813 2345 canonicorum
824 2325 978 2347 numerus
988 2318 1053 2348 ins-

45 2360 170 2411 fitutuS,
185 2366 422 2404 prebendarum
439 2367 604 2398 distinctio
618 2376 683 2398 nou
703 2368 849 2406 habetur,
867 2380 1051 2409 quanquam

46 2409 84 2473 {h
97 2417 230 2449 Barensi
242 2420 369 2450 civitate
383 2425 413 2450 et
428 2421 546 2451 diocesi
563 2422 628 2451 sint
639 2421 760 2460 capelle
774 2432 809 2453 ac
825 2423 887 2453 alia
896 2424 1053 2456 beneficia

44 2470 112 2513 {ue
129 2477 365 2503 consueverunt
385 2475 547 2504 canonicis
568 2475 668 2513 ipsius
694 2476 846 2506 Barensis
869 2477 1001 2508 ecclesie
1024 2483 1053 2508 et

50 2516 144 2559 utiam
161 2525 233 2555 aliis
257 2525 381 2556 clericis
402 2536 458 2565 per
482 2527 758 2567 archiepiscopum
784 2530 979 2568 Barensem,
997 2533 1053 2571 qui

48 2568 96 2613 {ut
110 2586 165 2616 pro
182 2582 339 2618 tempore,
356 2581 447 2619 juxta
463 2590 518 2610 sue
536 2581 710 2612 voluntatis
726 2583 981 2623 beneplacitum,
1002 2595 1053 2616 as-

123 2632 181 2668 ari,
194 2633 296 2663 dictus
309 2633 473 2671 Nioolaus,
493 2634 645 2665 dubitans
655 2645 695 2665 ne
712 2646 767 2675 pro
783 2646 819 2667 eo
831 2639 915 2677 quod
930 2639 965 2668 in
982 2649 1053 2678 pre-

45 2667 123 2729 ·ᾇτίε
138 2685 255 2715 nostris
275 2685 389 2716 litteris
406 2687 541 2717 habetur
558 2689 679 2719 mentio
696 2689 734 2720 de
755 2696 887 2722 vacante
906 2701 941 2722 ac
963 2702 1054 2724 vaca-

48 2734 120 2789 ?ua
136 2739 306 2777 prebenda,
324 2744 418 2778 prout
435 2741 580 2780 superius
598 2746 646 2771 est
662 2751 864 2782 expressum,
881 2746 941 2775 sibi
956 2748 1055 2785 possit

50 2787 132 2824 §lit-ca
155 2790 340 2831 hujusmodi
363 2793 582 2831 provisionem
607 2795 832 2833 impedimenti
853 2799 1053 2830 obstaculum

51 2835 143 2881 611101,
160 2853 215 2874 seu
231 2845 429 2884 callumpnia
444 2846 592 2884 irrogari,
606 2848 699 2877 nobis
715 2848 884 2881 humiliter
899 2853 1054 2891 supplica-

52 2894 98 2934 vit
113 2902 147 2927 ut
161 2899 190 2927 ei
207 2898 374 2936 providere
398 2907 494 2937 super
515 2899 577 2929 hoc
599 2900 636 2930 de
658 2906 814 2939 oportuno
837 2905 979 2936 remedio
1003 2907 1053 2936 di-

52 2949 233 2987 ¹amaremur.
250 2952 316 2982 Nos
329 2952 439 2990 igitur,
459 2953 560 2990 ipsius
572 2953 1053 2994 Nicolaisupplicationibnsin-

53 2999 170 3041 clinati,
197 3004 382 3043 hujusmodi
409 3004 610 3035 collationem
625 3011 655 3036 et
674 3009 887 3045 provisionem
913 3013 974 3042 sibi
999 3022 1054 3052 per

51 3061 109 3086 nos
126 3056 220 3087 factas
238 3057 277 3088 tle
297 3060 486 3091 canonicatu
506 3058 637 3089 ecclesie
657 3061 796 3098 predicte
811 3062 845 3092 in
868 3073 925 3095 suo
942 3066 1054 3098 robore

189 3122 261 3150 Rsu.
282 3123 405 3152 Nmoms
425 3124 477 3151 IV.

2087 407 2143 436 225

1141 473 1332 502 permanere
1361 466 1519 502 volentes,
1544 467 1728 498 discretioni
1759 473 1860 497 vestre
1892 478 1947 507 per
1977 470 2143 508 apostolica

1143 517 1259 555 scripta
1275 518 1467 548 mandamus
1484 524 1641 557 quatenus
1658 521 1759 550 eidem
1781 521 1912 551 Nicolao
1929 522 1968 551 de
1983 522 2091 560 aliquo
2107 532 2144 552 ex

1142 569 1327 607 hujusmodi
1349 571 1513 601 beneficiis
1540 575 1744 611 competenti.
1771 574 1861 612 cujus
1886 578 2056 612 proventus
2084 579 2144 604 tres

1143 621 1255 651 saltem
1272 624 1340 653 31111
1358 625 1468 653 uncias
1484 625 1607 655 valeant
1625 627 1803 663 annuatim,
1821 628 1848 656 si
1866 633 1954 657 vacat
1970 628 2091 658 ibidem
2105 629 2144 658 ad

1143 684 1290 713 presens,
1314 676 1363 705 vel
1391 679 1629 716 quamprimum
1655 681 1693 709 ad
1721 681 1752 709 id
1776 690 1807 709 se
1835 681 1966 710 facultas
1984 681 2142 720 obtulerit,

1142 729 1329 758 auctoritate
1346 734 1464 766 nostra,
1476 740 1531 761 vos
1547 732 1597 761 vel
1614 732 1675 762 duo
1687 738 1740 762 aut
1753 743 1835 763 unus
1851 740 2004 771 vestrum,
2021 745 2076 774 per
2090 744 2145 766 vos

1143 781 1193 810 vel
1206 791 1261 820 per
1278 782 1380 812 alium
1399 792 1454 813 seu
1472 784 1562 820 alios,
1581 786 1745 823 providere
1764 788 1890 816 curetis.
1911 788 1947 816 Et
1960 788 2143 818 nichilomi-

1141 842 1203 863 nus
1216 834 1293 864 alias
1306 836 1339 864 in
1352 837 1478 873 negotio
1489 838 1679 876 receptionis
1695 839 1837 877 ejusdem
1849 840 1974 870 Nicolai
1986 841 2141 878 faciendo,

1141 887 1175 916 in
1193 888 1312 925 prelata
1330 888 1463 918 Barensi
1479 890 1611 921 ecclesia
1634 887 1809 928 procedatis
1826 893 1914 930 juxta
1931 893 2144 931 predictarum

1142 939 1335 970 directarum
1362 942 1491 979 prefatis
1522 944 1741 973 executoribus
1767 945 1999 975 continentiam
2028 946 2144 976 littera-

1141 1001 1222 1021 rum.
1242 993 1496 1024 Contradictores
1512 997 1700 1026 auctoritate
1712 1002 1830 1033 nostra,
1843 998 2052 1036 appellatione
2066 1004 2146 1037 post-

1141 1047 1258 1084 posita,
1280 1048 1520 1086 compescendo.
1547 1049 1620 1079 Dat.
1639 1049 1753 1081 Reate,
1771 1060 1791 1078 v
1809 1050 1880 1080 idus
1894 1051 1980 1089 julii,
2000 1060 2086 1081 anno
2101 1060 2146 1081 se-

1141 1099 1257 1128 cundo.
1274 1112 1288 1125 »

1216 1244 1331 1273 1047

1177 1307 1363 1342 Dispensatio
1389 1317 1476 1344 super
1498 1309 1611 1336 defectu
1641 1311 1775 1337 natalium
1799 1315 1829 1337 et
1851 1311 2010 1346 pluralitate
2037 1305 2146 1339 benefi-

1141 1357 1261 1383 ciorum.
1283 1358 1363 1389 (Ren.
1383 1358 1430 1391 44,
1448 1366 1472 1385 c.
1490 1358 1551 1390 290,
1569 1359 1588 1385 f.
1608 1359 1653 1386 171
1672 1361 1723 1391 vo.)

1764 1248 1853 1280 Rieti,
1869 1248 1902 1274 26
1914 1248 1978 1283 juin
1998 1248 2074 1275 1289.

1179 1446 1322 1483 Magistro
1339 1445 1462 1476 Roberlo
1476 1448 1510 1475 de
1526 1448 1634 1484 Forda,
1653 1450 1795 1478 canonico
1811 1450 1926 1478 ecclesie
1940 1451 2143 1488 Suwellensis‚

1139 1499 1332 1529 Eboracensis
1347 1501 1480 1537 diocesis,
1496 1501 1641 1539 indulget
1658 1507 1701 1539 ut,
1719 1512 1774 1541 per
1788 1503 1921 1532 eandem
1935 1504 2144 1542 dispensatio-

1140 1561 1214 1582 nem
1243 1562 1336 1591 super
1358 1554 1479 1583 defectu
1507 1554 1663 1584 natalium
1688 1564 1750 1593 qua
1772 1557 1995 1587 canonicatum
2019 1558 2145 1589 Suwel-

1138 1605 1261 1636 lensem
1280 1606 1432 1643 obtinuit,
1446 1616 1511 1636 una
1527 1616 1599 1637 cum
1619 1607 1729 1637 eodem
1745 1609 1931 1639 canonicatu
1944 1610 2032 1640 aliud
2047 1612 2146 1642 bene-

1138 1659 1248 1689 ficium
1265 1668 1375 1689 curam
1391 1660 1575 1689 animarum
1591 1661 1713 1691 habens
1729 1662 1867 1700 recipere
1882 1663 1990 1700 possit.

1181 1724 1193 1738 α
1213 1712 1303 1742 Sicut
1320 1713 1425 1751 petitio
1443 1718 1532 1744 tua...
1551 1729 1591 1735 —
1613 1714 1684 1744 Dat.
1707 1715 1821 1751 Reate,
1838 1725 1868 1744 VI
1884 1715 2123 1756 kalendasjulii
2136 1742 2143 1755 ,

1138 1774 1224 1796 anno
1241 1766 1392 1796 secundo.
1414 1779 1427 1793 n

1212 1912 1330 1941 1048
1729 1913 1817 1945 Rieu,
1836 1914 1868 1940 10
1880 1915 1976 1948 juillet
1995 1915 2072 1942 1289.

1174 1968 1332 1999 VVillelmo,
1341 1969 1496 1995 Tuamcnsi
1508 1969 1736 2004 archiepiscopo,
1745 1970 1867 2005 palleum
1878 1971 2052 2004 assignatur.
2061 1971 2143 2005 (Rea.

1138 2018 1186 2051 44,
1209 2026 1234 2044 c.
1253 2017 1314 2049 isi,
1331 2018 1351 2044 f.
1370 2019 1417 2044 172¹
1435 2026 1476 2049 1‘03
1499 2017 1606 2045 Porm.
1625 2018 1732 2053 23001.)

1183 2106 1405 2136 Venerabilibus
1427 2108 1578 2143 fratribus
1602 2129 1622 2137 ..
1647 2107 1843 2144 Clofordensi,
1871 2129 1890 2137 ..
1913 2109 2058 2138 Alaclensi
2076 2114 2103 2138 et
2122 2131 2142 2138 ..

1138 2159 1302 2188 Alfadz‘ensi
1330 2161 1473 2199 episcopis
1500 2159 1631 2189 mandat
1659 2163 1815 2198 quatenus
1844 2160 1941 2190 electo
1970 2161 2145 2191 Tuamensi

1118 2232 1121 2234 -
1137 2211 1278 2252 palleum
1293 2213 1467 2251 assignent.

1180 2277 1193 2292 <‹
1215 2266 1326 2304 Nuper
1342 2266 1533 2296 Tuamensis
1550 2265 1720 2296 ecclesie...
1737 2282 1775 2288 —
1798 2266 1869 2296 Dat.
1893 2266 2001 2304 Reate,
2019 2277 2049 2296 Vl
2070 2267 2144 2297 idus

1131 2318 1218 2357 julii,
1238 2327 1324 2349 3000
1341 2319 1491 2349 secundo.
1511 2331 1523 2346 s>

1210 2463 1329 2491 11149
1746 2463 1834 2497 Rieu,
1852 2465 1866 2490 7
1878 2465 1972 2498 juillet
1992 2465 2068 2492 1989.

1172 2519 1340 2546 Lituardum
1357 2519 1390 2546 ab
1406 2520 1483 2546 omni
1494 2520 1614 2551 macula,
1630 2520 1697 2546 olim
1713 2528 1749 2546 ex
1764 2520 1876 2546 haeresi
1891 2524 2045 2552 contracta,
2070 2519 2142 2547 libe-

1137 2572 1190 2595 rat.
1209 2567 1292 2601 (Rue.
1303 2569 1348 2599 44,
1363 2576 1387 2594 c.
1402 2568 1464 2599 292,
1481 2569 1500 2595 f.
1516 2569 1564 2595 172
1580 2574 1628 2602 r⁰;
1646 2569 1764 2600 Porrn„
1784 2569 1892 2601 22999.)

1176 2657 1333 2692 Lituardo,
1352 2662 1423 2686 nato
1436 2656 1590 2695 quondam
1607 2657 1724 2696 Cyrini,
1741 2658 1802 2686 ciri
1819 2658 2010 2686 Tuscanenst.

1179 2722 1193 2736 ι(
1219 2709 1362 2739 Dilectus
1384 2710 1471 2740 filius
1495 2710 1628 2740 frater...
1651 2726 1691 2732 —
1711 2710 1782 2739 Dat.
1808 2710 1922 2746 Reate,
1939 2709 2034 2739 nonis
2049 2708 2140 2748 julii,

1137 2771 1222 2793 anno
1238 2763 1389 2793 secundo.
1411 2775 1425 2790 »

1212 2907 1473 2936 1050-1051
1726 2906 1814 2941 Rieu,
1831 2907 1862 2933 <21
1877 2908 1973 2942 juillet
1992 2907 2069 2935 1289.

1174 2964 1382 2998 Iudulgentiae.
1401 2963 1483 2996 (Rae.
1502 2963 1532 2989 -11
1547 2984 1552 2988 .
1570 2971 1595 2991 0.
1611 2963 1673 2997 293,
1690 2964 1709 2990 f.
1729 2963 1778 2990 172
1793 2965 1840 2996 1·⁰.)

1092 3072 1097 3119 Ι
1182 3067 1336 3097 Universts
1361 3071 1511 3105 presentes
1541 3067 1658 3096 litteras
1684 3066 1874 3105 inspecturis.
1901 3065 2141 3104 Indulgentiam

1965 3132 2000 3159 29
