2342 3652
14 391 17 402 ν
14 318 17 366 .-⁴
0 0 24 293 ss-„m

976 360 1207 397 TROISIEME
1228 357 1385 397 ANNEE.
2168 368 2225 400 533

130 433 274 469 obtenta,
298 432 398 470 ipsius
417 431 560 470 Philippi
581 433 726 462 absentia
743 433 803 463 Dei
826 433 945 471 repleta
965 434 1134 472 presentia,
1178 433 1183 463 1
1223 433 1331 464 Sancti
1353 434 1485 463 Martini
1508 434 1546 464 de
1569 434 1715 473 Mereyo,
1738 434 1921 464 Baiocensis
1943 434 2112 474 dioecesis,
2133 435 2168 464 iu
2192 435 2224 465 S.

133 486 252 516 dictum
281 484 469 523 Philippum
494 494 512 514 3
533 485 623 523 jure,
641 485 667 514 si
693 485 777 523 quod
801 490 868 515 erat
892 486 927 515 in
953 486 1140 524 huJusmodi

134 538 286 569 electione
301 538 506 576 acquisitum,
523 537 674 567 cecidisse
690 539 919 576 pronuntiavit,
931 539 1055 577 justitia
1071 547 1139 568 sua-

134 592 238 622 dente.
254 603 267 617 »
280 590 386 627 Quare
399 599 476 629 papa
489 590 688 629 praedictum
699 590 917 629 VVillelmum,
930 592 1138 630 professorem

133 643 255 675 ordinis
270 643 536 681 praedicatorum,
552 643 656 672 eidem
671 643 822 674 ecclesiae
836 644 972 674 electum
986 646 1137 683 praeficit.

134 697 205 727 Dat.
227 696 309 736 apud
331 696 611 733 Urbemveterem,
634 706 686 726 xm
710 696 862 727 kalendas
886 698 1037 735 octobris,
1057 706 1141 728 311110

137 750 237 780 tertio.

174 804 215 833 In
232 812 260 833 e.
283 812 327 832 m.
348 802 485 842 capitulo
506 803 656 833 ecclesiae
677 804 894 834 Landavensis
913 805 1044 834 mandat
1063 814 1140 844 qua—

135 861 228 888 tenus
243 856 402 895 praedicto
419 856 518 886 electo
533 856 674 886 debitam
691 857 906 887 obedientiam
922 858 1080 897 praebeat.

174 910 213 940 In
232 918 259 939 e.
281 918 324 938 m.
342 909 427 939 clero
442 909 582 939 civitatis
601 913 631 939 et
646 909 800 940 dioecesis
818 911 1046 941 Landavensis.

175 963 215 993 In
231 972 258 993 e.
276 971 320 992 m.
338 962 454 1002 populo
469 963 604 992 civitatis
619 967 649 992 et
667 962 818 993 dioecesis
835 964 1064 993 Laudavensis.

174 1016 214 1046 In
244 1025 271 1046 e.
301 1024 345 1045 m.
375 1015 537 1045 universis
567 1015 714 1045 vassallis
744 1016 895 1047 ecclesiae
926 1017 1143 1047 Landavensis

134 1069 266 1100 mandat
277 1074 436 1108 quatenus
447 1069 551 1099 eidem
564 1069 662 1099 electo
673 1069 778 1100 debita
789 1070 952 1101 fidelitatis
960 1072 1144 1110 juramenta

134 1127 166 1154 et
178 1123 308 1153 servitia
322 1122 508 1161 praebeant.

171 1177 212 1206 In
233 1185 260 1206 e.
282 1185 326 1205 m.
353 1199 374 1206 ..
396 1184 507 1213 regem
527 1175 665 1214 Angliae
682 1180 772 1214 rogat
794 1181 828 1206 ut
848 1176 986 1207 eundem
1007 1176 1143 1207 electum

133 1230 222 1268 regio
237 1230 346 1260 favore
363 1233 498 1260 tueatur.

175 1295 189 1311 α
206 1283 361 1313 Numinis
377 1284 509 1321 superni
526 1283 749 1321 benignitas...
766 1283 878 1313 —Dat.
896 1288 931 1313 ut
949 1293 1054 1322 supra.
1076 1298 1087 1309 υ

204 1456 322 1486 3403

169 1517 304 1545 Facultas
319 1517 486 1545 conferendi
503 1518 652 1545 beneficia.
669 1518 753 1553 (Rc-g.
772 1519 814 1549 45,
832 1526 856 1544 c.
874 1519 925 1545 1154
943 1519 991 1553 bis,
1008 1519 1027 1545 f.
1045 1519 1075 1546 91
1094 1521 1141 1551 r0.)

614 1455 745 1488 Orvieto,
764 1456 796 1482 2⁶3
813 1456 976 1491 septembre
996 1456 1070 1484 1290.

183 1621 350 1650 Venerabili
367 1622 464 1658 fratri
479 1621 645 1657 Bernardo,
663 1622 793 1658 episcopo
808 1621 992 1658 Leyz‘onensi.
1010 1621 1142 1652 faculta-

137 1678 202 1704 tem
219 1673 367 1704 concedit
383 1673 571 1704 conferendi
586 1673 743 1704 beneficia
758 1673 970 1704 ecclesiastica
989 1674 1072 1705 nulli
1089 1675 1144 1705 alii

136 1727 176 1758 de
188 1728 262 1767 jure
278 1727 394 1765 debita,
415 1727 454 1757 ad
472 1727 674 1757 collationem
690 1736 755 1757 non
774 1728 964 1766 pertinentia
983 1732 1143 1766 exempto-

136 1790 221 1818 rum,
241 1790 322 1820 quae
338 1781 372 1810 in
391 1781 528 1811 dioecesi
544 1780 738 1819 Legionensi
755 1785 841 1811 tauto
856 1786 996 1820 tempore
1014 1790 1144 1811 vacave-

136 1839 213 1864 runt
227 1834 312 1873 quod
327 1843 437 1864 eorum
455 1833 581 1864 collatio
596 1834 636 1864 ad
652 1834 760 1864 sedem
777 1833 982 1872 apostolicam
998 1834 1145 1864 devoluta

135 1891 192 1918 est.

177 1953 192 1969 α
211 1941 360 1972 Volentes
378 1945 465 1971 tuam
481 1941 679 1972 honorare...
695 1957 734 1963 -
751 1941 821 1971 Dat.
838 1941 922 1980 apud
941 1941 1145 1971 111110111νο10-

135 2004 216 2032 rem,
232 2005 251 2024 x
266 1995 420 2025 kalendas
438 1995 586 2032 octobris,
605 2003 691 2025 anno
709 1995 810 2025 tertio.
831 2007 844 2021 n

206 2167 328 2197 34⁰4

171 2230 305 2257 Facultas
313 2230 480 2257 absolvendi
489 2230 523 2256 ab
533 2230 999 2258 excommunicationissententia.
1010 2230 1090 2262 (Rae.
1101 2230 1142 2260 45,

134 2286 161 2306 c.
177 2279 227 2306 454
244 2279 304 2311 bis²‚
322 2279 342 2305 f.
358 2278 389 2305 91
408 2280 456 2311 1-0.)

612 2167 746 2199 Orvieto,
764 2168 797 2195 ‘22
815 2168 976 2203 septembre
997 2167 1071 2194 1-290.

176 2382 282 2411 Eidem
306 2380 490 2411 facultatem
518 2380 663 2411 concedit
687 2380 873 2411 absolvendi
900 2380 1031 2410 clericos
1055 2379 1144 2409 dioe-

137 2434 218 2466 cesis
248 2434 459 2473 Legionensis
485 2434 526 2464 ab
557 2434 895 2465 excommunicationis
925 2434 1082 2463 sententia
1109 2433 1144 2462 in

135 2488 268 2519 clericos
283 2488 530 2518 concubinarios
545 2487 619 2523 lata,
637 2491 667 2517 et
681 2487 889 2526 dispensandi
904 2496 977 2517 cum
991 2487 1037 2516 eis
1050 2495 1145 2525 super

135 2541 381 2580 irregularitate,
399 2541 425 2570 si
442 2549 539 2580 quam
556 2541 673 2571 exinde
688 2541 894 2571 incurrerint.

177 2607 191 2622 α
208 2596 252 2624 Ex
268 2599 356 2633 parte
373 2599 463 2624 tua...
483 2611 522 2616 —
538 2594 609 2624 Dat.
630 2599 666 2624 ut
681 2603 787 2633 supra.
808 2606 822 2621 »

208 2760 464 2789 3405-3418
664 2759 793 2793 Orvieto,
814 2759 842 2786 11
860 2759 977 2786 octobre
994 2759 1072 2786 1290.

173 2822 382 2857 Indulgentiae.
398 2821 480 2856 (Rae.
498 2822 541 2852 45,
559 2829 583 2847 e.
603 2821 654 2848 455
671 2821 721 2854 bis,
737 2821 756 2847 f.
773 2820 803 2848 91
822 2822 873 2855 vo.)

181 2925 334 2955 Universis
356 2925 472 2954 Christi
488 2924 625 2961 fidelibus
643 2928 794 2961 presentes
815 2924 932 2953 litteras
952 2925 1143 2962 inspecturis,

139 2977 382 3016 Indulgentiam
410 2977 508 3007 unius
534 2976 613 3006 311111
640 2980 670 3005 et
695 2985 734 3005 xi.
757 2976 882 3005 dierum
907 2976 1051 3006 concedit
1074 2985 1145 3007 om-

139 3031 236 3062 nibus
270 3040 346 3061 vere
375 3030 615 3070 poenitentibus
647 3033 677 3059 et
707 3029 861 3059 confessis
892 3030 948 3068 qui
979 3029 1146 3060 ecclesiam

1180 507 1181 530 3
1223 486 1354 516 Martini
1370 492 1400 517 et
1414 487 1594 517 Nativitatis
1609 487 1718 517 beatae
1734 487 1855 517 Mariae
1873 487 2098 517 festivitatibus
2118 493 2148 518 et
2172 497 2228 527 per

1221 543 1289 569 octo
1304 540 1373 570 dies
1390 545 1558 579 sequentes
1575 541 1785 570 visitaverint.

1267 605 1279 619 ι
1298 593 1370 622 Vite
1386 594 1536 632 perennis
1551 593 1689 632 gloria...
1708 611 1745 615 —
1762 594 1833 623 Dat.
1847 593 1931 632 apud
1949 594 2226 630 Urbemveterem,

1222 655 1241 674 v
1257 646 1329 676 idus
1346 647 1494 684 octobris,
1511 656 1596 677 anno
1614 647 1716 677 tertio.
1735 660 1748 673 n

1747 727 1873 759 Orvieto,
1891 728 1929 754 ier
1944 727 2059 754 octobre
2076 727 2155 754 1290.

1264 789 1302 818 In
1314 798 1341 819 e.
1355 798 1397 818 m.
1414 789 1546 825 eisdem,
1559 797 1615 827 pro
1624 789 1757 818 ecclesia
1770 789 1877 819 Sancti
1891 789 2011 819 Cesarii
2025 789 2227 819 Penestrina.

1224 841 1296 871 Dat.
1311 842 1393 880 apud
1410 842 1685 879 Urbemveterem,
1700 842 1847 872 kalendis
1859 843 2008 879 octobris,
2023 850 2108 872 anno
2124 842 2226 871 tertio.

1771 921 1897 953 Orvieto,
1915 924 1928 949 7
1946 923 2062 949 octobre
2080 923 2156 950 1290.

1266 985 1305 1014 In
1317 993 1344 1016 e.
1357 994 1401 1014 m.
1414 985 1546 1020 eisdem,
1562 993 1616 1023 pro
1631 984 1806 1014 cathedrali
1822 984 1955 1014 ecclesia
1971 984 2139 1014 Fundana.
2156 984 2227 1014 Dat.

1225 1038 1308 1077 apud
1326 1038 1600 1073 Urbemveterem,
1618 1038 1712 1068 nonis
1728 1037 1875 1073 octobris,
1895 1046 1980 1067 311110
2000 1038 2102 1067 tertio.

1774 1117 1900 1148 Orvieto,
1918 1118 1931 1143 7
1949 1117 2064 1143 octobre
2082 1117 2158 1144 1290.

1266 1181 1303 1210 In
1321 1191 1347 1211 e.
1365 1190 1408 1211 m.
1426 1181 1562 1218 eisdem,
1583 1190 1638 1219 pro
1651 1180 1783 1210 ecclesia
1800 1180 1908 1210 Sancti
1925 1181 2011 1210 Petri
2027 1180 2064 1210 de
2079 1179 2176 1210 casali
2193 1180 2231 1209 de

1226 1234 1355 1271 Fractis,
1373 1234 1548 1264 Gaietanae
1563 1233 1728 1264 dioecesis.
1748 1234 1820 1263 Dat.
1838 1238 1872 1263 ut
1889 1242 1994 1272 supra.

1708 1312 1835 1346 Orvieto,
1853 1313 1884 1338 ³27
1902 1312 2064 1348 septembre
2084 1312 2160 1339 1290.

1266 1377 1305 1406 ln
1322 1385 1347 1406 e.
1367 1385 1411 1405 m.
1429 1376 1565 1408 eisdem,
1584 1385 1640 1415 pro
1660 1376 1793 1406 ecclesia
1817 1376 1931 1405 Beatae
1954 1375 2074 1405 Mariae
2094 1374 2233 1404 Fulcho-

1226 1431 1290 1460 rini
1303 1430 1565 1460 Mediolanensis.
1579 1430 1652 1459 Dat.
1665 1430 1749 1468 apud
1760 1429 2036 1465 Urbemveterem,
2048 1438 2067 1457 v
2079 1427 2233 1458 kalendas

1225 1484 1372 1520 octobris,
1390 1492 1475 1513 anuo
1493 1485 1594 1514 tertio.

1769 1562 1897 1594 Orvieto,
1915 1562 1930 1589 9
1947 1562 2063 1588 octobre
2079 1561 2158 1588 1290.

1266 1627 1305 1656 In
1322 1635 1349 1655 e.
1366 1634 1408 1655 m.
1431 1626 1567 1662 eisdem,
1585 1634 1640 1665 pro
1656 1625 1788 1655 ecclesia
1808 1625 1846 1654 de
1862 1624 2111 1662 Draguinhano,
2131 1623 2229 1653 Foro-

1223 1679 1374 1717 juliensis
1385 1679 1550 1715 dioecesis,
1564 1679 1598 1708 in
1610 1678 1763 1709 honorem
1779 1678 1888 1708 beatae
1904 1678 2024 1708 Mariae
2040 1680 2228 1707 constructa.

1227 1732 1298 1761 Dat.
1316 1731 1399 1770 apud
1418 1732 1692 1766 Urbemveterem,
1710 1741 1755 1761 vn
1771 1731 1844 1761 idus
1859 1730 2008 1767 octobris,
2025 1738 2110 1760 anno
2126 1730 2228 1759 tertio.

1775 1812 1901 1846 Orvieto,
1919 1813 1933 1839 7
1949 1812 2065 1839 octobre
2084 1811 2158 1839 1290.

1267 1877 1305 1907 In
1324 1886 1351 1906 e.
1372 1885 1415 1906 m.
1438 1876 1578 1913 eisdem,
1601 1885 1656 1915 pro
1679 1875 1812 1906 ecclesia
1836 1876 1925 1905 Beati
1948 1875 2081 1905 Martini
2102 1874 2231 1912 MaJ'oris

1226 1929 1264 1959 de
1282 1929 1499 1966 Montesilice,
1517 1929 1689 1959 Paduanae
1710 1928 1875 1959 dioecesis.
1896 1929 1966 1958 Dat.
1987 1928 2070 1967 apud
2092 1927 2230 1958 Urbem-

1226 1987 1377 2019 veterem,
1394 1984 1488 2013 nonis
1503 1982 1650 2022 octobris,
1667 1990 1752 2012 anuo
1769 1982 1870 2012 tertio.

1748 2061 1879 2092 Orvieto,
1897 2062 1935 2087 1er
1949 2061 2066 2088 octobre
2083 2060 2160 2088 1290.

1266 2127 1303 2156 In
1325 2135 1353 2156 e.
1377 2135 1419 2155 m.
1446 2125 1588 2160 eisdem,
1614 2134 1668 2163 pro
1691 2125 1822 2154 ecclesia
1846 2124 1955 2154 Sancti
1983 2124 2123 2153 Thomae
2142 2123 2233 2161 juxta

1228 2184 1356 2219 pontem
1372 2179 1468 2209 castri
1483 2179 1708 2209 Viterbiensis.

1268 2245 1282 2260 «
1304 2233 1384 2263 Loca
1399 2236 1582 2262 sanctorum
1598 2232 1784 2262 omnium...
1806 2248 1841 2253 —
1863 2231 1933 2261 Dat.
1952 2231 2034 2270 apud
2055 2230 2230 2261 Urbemve-

1227 2291 1338 2324 terem,
1355 2285 1501 2316 kalendis
1518 2285 1664 2321 octobris,
1686 2294 1771 2315 anno
1789 2285 1888 2315 tertio.
1912 2297 1925 2311 n

1759 2365 1884 2397 Orvieto¹
1904 2366 1933 2392 11
1951 2365 2066 2392 octobre
2083 2364 2160 2392 1290.

1266 2428 1306 2457 Iu
1325 2436 1352 2457 e.
1370 2436 1414 2456 m.
1432 2427 1570 2462 eisdem,
1588 2435 1644 2466 pro
1660 2426 1791 2457 ecclesia
1811 2426 1998 2456 monasterii
2014 2426 2147 2455 Sanctae
2164 2425 2233 2455 Ma-

1226 2481 1292 2511 riae
1308 2480 1528 2515 Eboracensis,
1544 2480 1666 2510 ordinis
1683 2480 1715 2510 S.
1735 2479 1913 2509 Benedicti.

1269 2546 1282 2561 α
1302 2534 1374 2564 Vite
1391 2533 1541 2572 perennis
1557 2533 1697 2571 gloria...
1714 2550 1752 2555 —
1767 2533 1839 2564 Dat.
1857 2533 1940 2571 apud
1957 2532 2230 2567 Urbemveterem,

1226 2597 1246 2616 v
1261 2586 1334 2616 idus
1351 2585 1498 2622 octobris,
1516 2594 1601 2616 anno
1617 2586 1720 2616 tertio.
1739 2598 1753 2612 >2
1770 2585 1831 2625 (En
1846 2585 1975 2624 marqe.)

1756 2664 1881 2698 Orvieto,
1903 2665 1932 2691 10
1950 2665 2066 2692 octobre
2083 2665 2159 2692 1290.

1267 2729 1306 2758 In
1321 2738 1348 2758 e.
1366 2737 1411 2758 m.
1429 2728 1560 2764 eisdem,
1579 2736 1633 2767 pro
1649 2727 1782 2758 ecclesia
1800 2727 1909 2757 Sancti
1927 2727 2092 2757 Benedicti
2106 2727 2145 2757 de
2161 2727 2233 2758 Cal-

1227 2782 1313 2812 caria
1337 2786 1439 2811 terrae
1462 2780 1725 2819 Arnulphorum,
1753 2779 1940 2819 Spoletanae
1966 2780 2132 2810 dioecesis.
2158 2781 2231 2810 Dat.

1227 2834 1311 2874 apud
1328 2834 1600 2870 Urbemveterem,
1617 2842 1648 2863 VI
1664 2833 1737 2863 idus
1748 2833 1897 2869 octobris,
1910 2841 1995 2863 auno
2013 2833 2116 2864 tertio.
2129 2833 2231 2873 (lbid.)

1775 2911 1902 2945 Orvieto,
1919 2911 1934 2938 8
1950 2911 2066 2938 octobre
2083 2912 2161 2939 1290.

1269 2976 1307 3005 In
1323 2984 1351 3005 e.
1368 2984 1411 3005 m.
1427 2975 1560 3011 eisdem,
1577 2983 1632 3014 pro
1648 2974 1779 3005 ecclesia
1794 2974 1983 3005 monasterii
1999 2975 2132 3005 Sanctae
2150 2975 2232 3005 Mar-

1229 3032 1355 3067 garetae
1367 3028 1406 3058 de
1418 3027 1656 3065 Dunsermelin,
1671 3027 1794 3058 ordinis
1807 3027 1916 3058 Sancti
1932 3028 2109 3066 Benedicti,
2125 3028 2234 3059 Sancti
