2477 3637
184 340 240 372 364
938 333 1175 364 REGISTRES
1196 334 1250 364 DE
1272 332 1456 363 NICOLAS
1480 333 1534 363 IV.

184 407 258 438 tiam
282 405 381 435 unius
409 403 488 433 anni
507 407 537 432 et
558 411 594 431 xi„
619 401 743 430 dierum
772 400 916 430 concedit
941 401 986 430 eis
1009 401 1063 439 qui
1088 400 1189 430 Sedu-

184 468 317 490 nensem
334 457 510 491 ecclesiam,
532 456 646 484 Beatae
663 453 781 483 Mariae
797 453 926 483 nomine
941 453 1142 491 insignitam,
1158 454 1191 483 in

183 514 280 552 hujus
296 510 433 549 virginis
451 519 485 539 ac
503 509 557 539 SS.
579 509 665 537 Petri
681 507 834 546 apostoli,
855 507 1015 537 Johannis
1032 507 1191 546 Baptistae

187 570 219 596 et
236 563 394 595 Theodori
414 561 637 591 festivitatibus
654 564 683 590 et
699 560 732 589 in
750 560 970 590 anniversario
989 559 1041 589 die
1064 560 1191 590 dedica-

184 619 280 648 tionis
297 616 441 655 ejusdem
458 614 609 644 ecclesiae
626 613 834 643 visitaverint.

225 683 238 697 κ
256 668 385 700 Excelsa
402 677 495 707 super
512 666 652 697 sidera...
668 683 705 687 —
721 666 788 696 Dat.
806 666 925 703 Rome,
943 666 1026 705 apud
1042 665 1190 696 Sanctam

184 724 317 753 Mariam
338 722 514 761 Majorem,
534 729 589 749 vni
607 719 679 749 idus
695 719 849 749 februarii
863 743 870 756 ,
889 727 976 749 auno
998 719 1150 750 secundo.
1176 731 1189 745 n

253 881 372 910 2050

217 943 428 970 Immunitates.
446 942 530 975 (Rea.
549 942 591 973 44,
608 950 634 968 c.
651 942 712 973 797,
730 941 749 967 f.
765 941 817 968 286
835 942 886 975 vo.)

479 879 847 913 Saintc-Marle-Majeure,
865 879 894 906 31
910 878 1024 913 janvier
1041 878 1120 905 1290.

229 1046 395 1075 Venerabili
416 1046 512 1082 fratri
537 1068 556 1074 ..
578 1046 711 1082 episeopo
731 1044 855 1074 Senensi
880 1043 1010 1073 mandat
1034 1045 1194 1082 quatenus

183 1099 367 1130 communia
385 1102 415 1128 et
430 1098 655 1128 universitates
669 1097 850 1134 civitatum,
870 1101 1046 1127 castrorum
1065 1101 1095 1126 et
1109 1096 1194 1126 loco-

183 1162 255 1183 rum
273 1152 458 1191 provinciae
473 1151 618 1186 Tusciae,
629 1151 695 1190 qui,
714 1163 729 1178 α
744 1159 807 1181 non
823 1150 1024 1180 attendentes
1035 1149 1118 1188 quod
1130 1149 1192 1179 lai-

183 1206 229 1236 cis
245 1205 386 1244 cujusvis
398 1205 555 1243 provintie
571 1205 603 1234 in
617 1204 747 1234 clericos
763 1208 793 1234 et
804 1212 954 1242 personas
966 1203 1193 1233 ecclesiasticas

184 1259 274 1290 nulla
293 1264 339 1289 est
353 1258 506 1288 attributa
522 1263 669 1297 potestas,
691 1270 703 1284 η
723 1281 743 1288 ..
761 1258 857 1296 priori
875 1262 904 1287 et
919 1257 1070 1286 fratribus
1087 1256 1192 1295 hospi-

184 1315 255 1345 talis
273 1315 380 1345 Sancti
397 1314 559 1345 Johaunis
573 1312 829 1344 Jerosolimitani
847 1313 881 1342 in
899 1312 1015 1342 Tuscia
1036 1316 1066 1342 et
1083 1320 1194 1342 eorum

184 1367 305 1399 colonis
324 1372 354 1397 et
370 1367 558 1397 hominibus
576 1366 690 1402 tallias,
705 1365 852 1396 collectas
869 1369 899 1395 et
911 1365 989 1394 alias
1002 1365 1193 1401 exactiones,

183 1425 290 1451 contra
313 1429 422 1450 eorum
448 1418 634 1458 privilegia,
662 1419 898 1457 imposuerunt,
922 1407 1099 1456 compescat
1120 1421 1156 1447 ut
1177 1426 1195 1447 a

185 1474 299 1504 talibus
320 1473 416 1503 talliis
440 1478 470 1502 et
493 1472 637 1503 collectis
659 1472 851 1502 abstineant.
881 1471 1107 1501 Praesentibus
1126 1475 1198 1510 post

183 1526 445 1567 quinquennium
458 1535 521 1556 non
537 1525 692 1556 valituris.

225 1593 239 1607 «
263 1580 495 1618 Siguificarunt
522 1580 613 1609 nobis
645 1578 777 1610 dilecti..
805 1595 845 1601 —
866 1579 935 1608 Dat.
965 1578 1086 1615 Rome,
1109 1577 1194 1617 apud

183 1634 331 1664 Sanctam
355 1633 490 1663 Mariam
508 1633 683 1672 Majorem,
701 1642 723 1662 11
740 1631 894 1662 kalendas
910 1631 1085 1667 februarii,
1109 1640 1195 1662 anno

182 1687 333 1717 secundo.
351 1699 364 1714 ι»

254 1846 369 1875 205¹

219 1909 351 1936 Facultas
373 1909 505 1935 audiendi
534 1909 629 1935 divina
653 1909 744 1935 officia
766 1910 793 1935 in
819 1909 890 1935 locis
913 1908 1083 1936 interdictis.
1109 1908 1192 1942 (Rea.

185 1959 228 1992 44,
243 1966 268 1985 c.
285 1958 347 1991 798,
363 1958 381 1984 f.
399 1958 450 1985 286
467 1961 518 1989 vo.)

509 1845 873 1880 Sainte-Marie-Majeure‚
892 1846 906 1871 7
922 1845 1026 1872 fevi-ier
1044 1845 1122 1872 1290.

224 2061 322 2090 Nobili
343 2061 407 2090 uiro
426 2060 570 2095 Henrico,
594 2060 786 2096 lantq7·avio,
814 2060 937 2089 domino
961 2061 1049 2088 Terre
1069 2060 1193 2096 Hassie,

184 2123 219 2144 ac
242 2115 346 2143 dilecte
372 2115 404 2143 in
428 2114 546 2143 Christo
566 2114 630 2150 filie
655 2114 748 2142 nobili
768 2114 894 2142 mulieri
917 2114 1074 2149 Mummii,
1103 2115 1195 2143 umori

184 2167 260 2203 ejus,
282 2166 428 2203 indulget
444 2171 478 2195 ut
494 2167 527 2196 in
544 2166 621 2196 locis
638 2166 848 2196 ecclesiastico
864 2166 1032 2196 interdicto
1046 2166 1195 2205 suDJectis

184 2219 295 2248 divina
312 2219 428 2255 officia,
448 2228 467 2248 a
485 2220 620 2257 propriis
635 2218 811 2258 capellanis
825 2219 994 2254 celebrata,
1011 2220 1122 2249 audire
1139 2229 1193 2250 va-

184 2272 282 2302 leant.
300 2272 527 2302 Praesentibus
544 2277 612 2311 post
628 2273 889 2312 quinquennium
906 2282 970 2303 non
987 2273 1143 2303 valituris.

227 2337 240 2352 ‹
259 2325 444 2355 Devotionis
459 2330 669 2363 augmentum
686 2326 813 2356 vobis...
831 2343 870 2348 —
887 2327 958 2356 Dat.
977 2327 1093 2364 Rome,
1111 2328 1194 2366 apud

185 2378 335 2408 Sanctam
359 2378 494 2408 Mariam
512 2379 660 2418 Majorem
676 2403 682 2416 ,
699 2389 740 2408 vn
762 2379 834 2409 idus
849 2380 1019 2417 februarii,
1040 2389 1126 2412 anno
1144 2391 1195 2412 se—

185 2431 298 2461 cundo.
320 2444 333 2458 n

256 2585 372 2613 2052
509 2585 874 2621 Sainte-Marie-Majeure,
892 2587 906 2613 7
923 2588 1026 2615 sevrier
1042 2589 1121 2616 1290.

222 2646 354 2674 Facultas
369 2648 494 2682 eligendi
511 2648 658 2683 proprium
678 2650 885 2677 confessorem.
904 2650 986 2685 (Rao-
1005 2651 1054 2683 44,
1072 2659 1097 2678 c.
1116 2651 1193 2687 798²,

185 2694 205 2721 f.
219 2695 270 2722 ζ286
288 2698 340 2729 νο.)

227 2798 361 2834 Eisdem,
379 2799 633 2831 consideratione
651 2801 760 2832 beatae
779 2802 982 2839 Helisabeth,
1001 2804 1092 2843 cujus
1109 2804 1195 2835 Hen-

187 2848 281 2884 ricus,
298 2850 506 2890 lantgravius,
524 2863 622 2893 nepos
632 2860 689 2892 est,
702 2856 846 2886 concedit
862 2860 896 2886 ut
911 2857 1127 2888 confessorem
1141 2858 1195 2888 eli-

188 2910 262 2939 gere
275 2905 404 2941 possint.
423 2906 649 2938 Praesentibus
666 2913 734 2948 post
745 2910 1007 2949 quinquennium
1023 2919 1088 2941 non
1112 2911 1194 2942 vali-

189 2955 277 2985 turis.

232 3019 245 3034 ι
265 3008 347 3044 Quia
362 3011 444 3041 sicut
460 3013 654 3051 originale...
672 3032 710 3037 ——
727 3016 798 3046 Dat.
818 3020 851 3047 ut
868 3026 976 3056 supra.
996 3029 1010 3045 »

1319 399 1573 428 2053-2054
1599 398 1966 433 sainte-Ma1·ie-MaJeure,
1982 399 2016 426 ‘25
2027 401 2140 434 janvier
2158 400 2236 428 1290.

1310 461 1355 488 Ad
1380 461 1551 488 solutionem
1576 461 1738 488 debitorum
1763 460 1942 488 Sedunensis
1963 460 2112 488 ecclesiae.
2129 462 2212 495 (Rau.
2234 463 2280 495 44,

1273 519 1299 538 c.
1316 511 1377 543 799,
1391 510 1409 536 l'.
1426 510 1476 537 ‘287
1495 511 1543 542 rv.)

1315 627 1422 655 Dilecto
1439 626 1502 663 filio
1520 626 1688 663 Bonifatio,
1704 627 1791 656 electo
1806 626 1992 663 Sedunensi,
2017 627 2154 663 fructus,
2176 627 2281 659 reddi-

1274 683 1324 709 tus
1339 683 1368 708 et
1384 684 1557 717 proventus
1572 679 1668 717 primi
1685 679 1764 708 anni
1778 679 1925 709 omnium
1942 679 2169 710 beneficiorum
2187 680 2284 712 ecclo-
2333 671 2336 674 Δ

1273 733 1473 763 siasticorum
1496 742 1579 772 quae
1598 733 1630 762 in
1648 733 1848 763 Sedunensis
1864 733 2003 763 civitatis
2020 738 2050 763 et
2064 733 2217 764 dioecesis
2232 742 2283 765 ec·
2315 745 2320 751 ·

1273 786 1378 817 clesiis
1421 796 1520 826 usque
1558 786 1598 816 ad
1636 786 1900 825 quinquennium
1938 795 2050 817 vacare
2086 787 2257 825 contigerit
2273 812 2280 826 ,

1273 841 1504 871 convertendos
1528 840 1561 870 in
1585 840 1779 871 solutionem
1799 840 1980 871 debitorum
2004 840 2155 871 ecclesiae
2180 841 2283 872 Sedu-

1275 894 1401 930 nensis,
1421 893 1578 923 concedit.

1316 959 1329 973 α
1352 947 1444 977 Circa
1468 955 1577 977 curam
1603 947 1856 986 quarumlibet...
1881 963 1921 970 —
1952 947 2024 978 Dat.
2055 947 2177 984 Rome,
2201 947 2285 987 apud

1275 999 1424 1030 Sanctam
1438 1001 1575 1030 Mariam
1590 1001 1752 1039 MaJorem,
1771 1010 1827 1030 vm
1843 999 2000 1031 kalendas
2016 1000 2180 1038 februarii,
2200 992 2285 1032 anno

1275 1053 1426 1084 secundo.
1448 1066 1461 1081 n

1315 1107 1352 1136 In
1371 1116 1398 1137 e.
1421 1116 1464 1137 m.
1487 1130 1507 1136 ..
1527 1107 1672 1146 episcopo
1694 1108 1892 1145 Augustensi
1913 1107 2044 1137 mandat
2065 1111 2223 1146 quatenus
2239 1107 2287 1138 ei-

1276 1159 1349 1190 dem
1367 1159 1464 1190 electo
1485 1160 1672 1199 hujusmodi
1691 1160 1849 1197 redditus,
1868 1160 1988 1190 fructus
2004 1165 2033 1190 et
2046 1164 2217 1200 proventus
2233 1169 2287 1200 per

1276 1213 1541 1252 quinquennium
1558 1213 1684 1252 integre
1699 1213 1880 1243 ministrari
1895 1213 2025 1244 faciant.
2044 1213 2116 1244 Dat.
2134 1217 2284 1253 utsupra.

1348 1373 1466 1417 2055
1586 1386 1952 1421 Sainte—Marie-Majeure,
1972 1387 2004 1414 10
2020 1387 2123 1414 sevrier
2139 1385 2216 1414 1290.

1314 1448 1447 1476 Facultas
1463 1450 1560 1476 utendi
1576 1450 1670 1485 pallio.
1692 1450 1774 1483 (Rae.
1793 1450 1837 1482 44,
1855 1458 1880 1477 c.
1899 1450 1962 1482 800,
1977 1450 1996 1477 f.
2013 1450 2064 1478 287
2081 1451 2128 1483 τῦ.)

1325 1552 1489 1582 Venerabili
1518 1554 1613 1590 fratri
1645 1553 1784 1591 Nimiae,
1817 1554 1993 1591 patriarche
2021 1547 2284 1592 Jerosotimitano,

1278 1606 1437 1644 apostolice
1450 1606 1528 1635 sedis
1543 1607 1655 1644 ἰεραιο,
1675 1605 1824 1644 indulget
1849 1611 1882 1636 ut
1903 1606 1937 1636 in
1953 1605 2096 1636 ecclesiis
2111 1606 2196 1636 infra
2211 1614 2286 1637 suae

1277 1658 1447 1697 legationis
1464 1659 1617 1689 terminos
1639 1660 1819 1689 constitutis
1836 1659 1932 1698 pallio
1948 1664 2054 1690 utatur
2076 1659 2187 1690 diebus
2202 1659 2286 1690 infe·

1277 1713 1344 1742 rius
1367 1713 1542 1751 expressis,
1562 1713 1711 1743 videlicet
1733 1722 1740 1743 ε
1768 1714 1952 1743 Nativitatis
1974 1713 2106 1744 Domini
2127 1717 2159 1743 et
2187 1713 2286 1744 tribus
2333 1712 2359 1724 '⁴

1278 1766 1390 1795 diebus
1417 1766 1639 1805 sequentibuS,
1658 1766 1925 1797 Circumcisionis
1943 1770 1974 1796 et
1991 1766 2207 1806 Epiphaniae,
2226 1766 2287 1797 Pu-

1278 1819 1484 1856 rificationis,
1511 1820 1807 1856 Annunciationis,
1842 1820 2080 1859 Assumptionis
2112 1824 2143 1850 et
2164 1819 2287 1850 Nativi-

1278 1874 1349 1903 tatis
1376 1873 1484 1903 beatae
1512 1873 1650 1910 Mariae,
1670 1874 1704 1903 in
1729 1873 1893 1903 dominica
1915 1882 1979 1912 qua
2007 1877 2152 1903 cantatur
2175 1873 2287 1904 Letare

1276 1926 1456 1957 Jerusalem
1465 1927 1539 1957 etin
1556 1927 1667 1956 diebus
1678 1926 1878 1964 Palmarum,
1893 1926 2019 1969 Coenae
2032 1926 2175 1964 Domini,
2187 1926 2289 1967 sancti

1278 1979 1425 2016 Sabbati,
1444 1980 1699 2010 Resurrectionis
1717 1980 1914 2017 dominicae,
1940 1988 2013 2011 cum
2030 1980 2132 2011 tribus
2151 1988 2287 2020 sequeu-

1279 2033 1363 2063 tibus
1378 2058 1384 2070 ,
1403 2034 1605 2063 Inventionis
1621 2037 1652 2063 et
1669 2033 1878 2064 Exaltationis
1894 2037 2022 2064 sanctae
2036 2033 2150 2069 crucis,
2168 2033 2288 2064 Ascen-

1278 2087 1378 2117 sionis
1410 2087 1542 2117 Domini
1568 2093 1598 2117 et
1629 2087 1849 2124 pentecostes,
1874 2095 1949 2117 cum
1977 2087 2028 2117 die
2057 2089 2232 2126 sequente,
2250 2085 2285 2116 in

1277 2140 1366 2170 festis
1378 2140 1435 2171 SS.
1450 2141 1609 2170 ,Iohannis
1625 2141 1795 2179 Baptistae,
1812 2140 1899 2170 Petri
1911 2143 1941 2170 et
1955 2139 2048 2170 Pauli
2058 2139 2286 2180 apostotorum,

1277 2193 1598 2225 Commemorationis
1610 2194 1641 2224 S.
1656 2193 1749 2224 Pauli
1762 2198 1792 2224 et
1804 2193 2128 2224 Commemorationis
2139 2192 2286 2223 omnium

1277 2252 1476 2283 sanctorum,
1493 2248 1527 2277 in
1543 2247 1776 2278 anniversariis
1794 2247 1907 2277 diebus
1926 2247 2165 2278 dedicationum
2185 2245 2286 2277 eccle-

1277 2302 1397 2332 siarum
1416 2300 1750 2331 Jerosolimitanarum
1771 2305 1802 2331 et
1819 2300 2073 2336 Acconensium,
2091 2304 2122 2330 et
2140 2299 2286 2339 quotiens

1276 2355 1316 2384 ad
1339 2355 1573 2396 episcoporum,
1598 2355 1803 2390 monialium,
1832 2354 2039 2384 ecclesiarum
2058 2357 2112 2384 aut
2134 2352 2285 2383 altarium

1277 2409 1533 2439 consecrationes
1549 2412 1579 2437 et
1594 2407 1724 2438 clericos
1741 2407 1935 2437 ordinandos
1947 2407 1981 2436 in
1997 2406 2122 2437 statutis
2139 2405 2286 2445 tempori-

1277 2462 1336 2492 bus
1352 2470 1427 2491 eum
1444 2460 1664 2499 sollempniter
1679 2460 1840 2491 celebrare
1855 2460 2038 2499 contigerit.

1319 2527 1332 2542 α
1361 2516 1515 2551 Quamvis
1544 2515 1577 2543 in
1604 2515 1846 2545 concessione...
1876 2529 1917 2536 —
1948 2514 2019 2544 Dat.
2053 2513 2174 2550 Rome,
2202 2510 2286 2552 apud

1277 2569 1428 2600 Sanctam
1446 2568 1580 2598 Mariam
1602 2569 1768 2607 Majorem,
1789 2577 1835 2597 1111
1851 2567 1926 2598 idus
1941 2566 2117 2604 februarii,
2135 2574 2221 2597 anno
2235 2573 2285 2597 se-

1277 2622 1395 2653 cundo.
1415 2634 1428 2650 ι

1347 2803 1463 2832 2056

1312 2867 1354 2894 De
1381 2868 1501 2903 pecunia
1525 2866 1656 2894 subsidio
1679 2866 1784 2893 Terrae
1809 2865 1931 2893 Sanctae
1956 2865 2100 2901 deputata.
2125 2865 2208 2901 (Rae.
2230 2864 2280 2899 ⁴⁴.
2325 2854 2338 2863 ’

1275 2927 1301 2946 c.
1320 2917 1381 2950 801,
1398 2916 1416 2943 f.
1432 2917 1483 2944 287
1500 2917 1548 2949 το.)

1586 2801 1934 2836 Sainte-Marie-Majeure
1944 2821 1952 2835 ,
1969 2801 2000 2828 17
2015 2801 2120 2828 fevrIer
2135 2800 2212 2828 1290.

1317 3020 1420 3050 Eidem
1438 3018 1617 3049 facultatem
1636 3017 1780 3049 concedit
1796 3021 1831 3048 ut
1845 3017 1884 3047 de
1900 3016 2036 3057 pecunia
2051 3016 2192 3047 decimae
2206 3015 2280 3046 Ter-
