2477 3637
291 429 344 458 18ss
1032 422 1268 453 REGISTRES
1291 423 1344 452 DE
1367 421 1550 452 NICOLAS
1574 421 1628 451 IV.

288 496 326 525 ad
353 503 509 524 romanam
539 493 687 522 ecclesium
717 491 801 520 nullo
825 490 921 518 medio
945 491 1142 526 pertinentis,
1171 490 1289 518 orcli'nis

287 549 318 579 S.
337 549 498 582 Benedicti,
519 547 675 583 §palestine
691 545 823 573 diocesis.
843 543 970 581 Rejecta
987 542 1198 581 postulatione
1213 551 1288 581 quo-

288 601 434 631 rumdam
452 599 680 629 monacbornm
695 596 878 626 monasterii
897 596 1003 625 Sancti
1024 596 1108 625 l'etri
1120 595 1159 625 de
1175 596 1289 625 Feren-

288 653 366 690 tillo,
387 662 440 691 per
464 657 595 681 mortem
624 652 662 680 R.
690 633 913 687 vacanti-<funi
934 649 1052 687 Capnm
1067 673 1073 684 ,
1094 648 1287 678 monachum

288 705 470 736 monasterii
495 705 602 734 Sancti
629 703 755 733 ‹luliani
778 703 816 732 de
845 702 952 732 Monte
983 712 1076 740 supra
1104 701 1286 740 Spoletina,

286 759 436 798 praedicti
461 758 592 794 ordinis,
624 757 770 786 abbatem
801 755 1015 794 postularant,
1040 765 1116 794 papa
1146 755 1287 785 Sinibal-

285 813 378 848 dum,
399 816 472 840 tunc
493 811 647 840 decanum
667 814 697 839 et
720 809 912 839 monachum
935 809 1118 838 monasterii
1145 808 1176 837 S.
1197 807 1287 837 Pauli

287 866 323 895 de
351 865 452 896 Urbe.
481 864 622 903 ejusdem
647 863 787 899 ordinis,
807 863 998 892 monasterio
1025 862 1057 892 S.
1086 861 1171 891 Petri
1192 861 1287 891 abba-

287 923 349 949 tem
367 917 516 956 praeficit.
1219 946 1226 950 ,

327 986 339 999 u
361 973 440 1002 Cum
464 972 584 1000 intente
607 970 907 1000 considerationis...
928 987 965 991 ——
984 970 1052 999 Dat.
1077 970 1186 1004 ltome,
1205 968 1287 1007 apud

286 1026 434 1056 Sanctam
458 1025 591 1054 Mariam
615 1024 787 1063 Majorem,
811 1033 828 1052 x
849 1022 1001 1052 kalendas
1020 1024 1116 1060 maii,
1136 1031 1221 1052 anno
1239 1031 1285 1052 se-

285 1079 400 1109 cundo.
421 1091 433 1104 n

326 1133 361 1162 In
384 1145 410 1161 e.
432 1141 473 1161 m.
491 1133 661 1161 conventui
680 1131 862 1160 monasterii
884 1131 991 1159 Sancti
1011 1131 1093 1159 Petri
1114 1131 1152 1159 de
1171 1131 1287 1160 Feren-

288 1185 355 1215 tillo
380 1185 509 1214 mandat
531 1189 688 1222 quatenus
714 1184 818 1213 eidem
843 1184 948 1213 abbati
976 1184 1112 1213 ‹Vl-›bitam
1136 1184 1285 1213 obedien—

287 1239 362 1269 tiam
385 1239 539 1277 praebeat.

326 1293 361 1321 Iu
379 1301 406 1321 e.
428 1301 469 1320 m.
489 1291 646 1321 universis
667 1291 807 1320 vassallis
823 1291 964 1328 eiusdem
989 1290 1184 1319 monasterii.

356 1485 441 1513 842

319 1547 468 1578 Privilegia
485 1546 619 1572 fratribus
629 1546 778 1581 hospitalis
794 1545 889 1571 Sancti
903 1545 1018 1572 Antonii
1035 1545 1209 1572 Viennensis
1220 1554 1289 1573 con-

284 1604 367 1623 cessa
383 1595 464 1628 (Rea.
483 1595 530 1625 44,
548 1603 573 1621 c.
596 1594 656 1626 140,
679 1595 697 1620 s.
718 1594 765 1620 140
782 1596 828 1620 i-⁰.l

633 1482 989 1517 sainte-Mai-ie-Majoure,
1003 1484 1034 1509 -27
1052 1483 1120 1509 avril
1139 1483 1215 1510 1289.

333 1713 553 1742 Venerabilibas
567 1713 717 1748 fratribus
735 1713 967 1750 archiepiscopis
981 1718 1007 1742 et
1022 1715 1175 1751 episcopis,
1190 1722 1224 1742 ac
1241 1714 1289 1743 di-

287 1766 367 1796 lectis
391 1766 466 1803 (iliis
490 1765 664 1801 abbatibus,
693 1766 870 1803 ρι’ἱονῐὺιιε,
900 1766 1038 1802 cler-ants,
1062 1765 1290 1796 archidiaconis

285 1825 312 1849 et
327 1821 399 1849 aliis
412 1820 603 1848 eeclesiarum
620 1820 757 1855 prelatis,
770 1819 809 1847 (ul
824 1828 894 1856 (litos
911 1818 1004 1848 littere
1017 1819 1070 1848 iste
1082 1821 1287 1857 pervenerint.

289 1884 302 1899 ιι
320 1872 399 1902 Cum
417 1871 540 1901 dilectis
559 1871 635 1900 filiis
653 1871 807 1901 fratribus
824 1872 988 1909 hospitalis
1006 1872 1114 1902 Sancti
1133 1873 1287 1912 Antonii,

286 1925 483 1956 Viennensis
498 1925 632 1954 diocesis
648 1949 654 1961 ,
673 1925 770 1954 suerit
788 1926 891 1964 primo
909 1935 926 1954 a
945 1925 1044 1955 felicis
1061 1926 1290 1957 recordationis

287 1979 476 2009 Innocentio
492 1983 521 2008 et
537 1978 730 2015 Alexandro,
747 1983 776 2008 et
794 1979 1010 2017 postmodum,
1028 1980 1065 2009 ad
1082 1980 1184 2010 instar
1205 1982 1289 2019 ipso-

286 2041 370 2068 rum,
391 2041 408 2061 a
424 2032 599 2067 Clemente,
618 2032 758 2061 romanis
777 2032 995 2070 pontificibus,
1015 2033 1291 2071 predecessoribus

287 2085 414 2121 nostris,
431 2084 592 2114 indultum
611 2088 644 2113 ut
661 2084 759 2114 semel
778 2086 810 2114 iu
829 2094 915 2115 anno
934 2087 1126 2125 recipiantur
1141 2087 1175 2117 iu
1194 2088 1291 2118 eccle—

287 2139 343 2168 siis
358 2139 396 2168 ad
413 2138 602 2168 elemosinas
618 2138 822 2175 colligendas,
841 2140 971 2177 quidam
993 2146 1143 2177 vestrum,
1159 2141 1291 2171 avaritie

287 2192 397 2221 ardore
424 2191 567 2221 succensi
582 2215 588 2227 ,
623 2192 809 2221 confratrias
843 2202 915 2221 suas
948 2193 1130 2223 confratriis
1161 2195 1289 2225 illorum

288 2245 397 2275 eadem
413 2245 463 2274 die
481 2245 512 2273 in
531 2245 672 2282 ipsorum
689 2245 828 2275 adventu
846 2252 1044 2284 proponunt,
1066 2252 1095 2276 et
1115 2249 1159 2277 sic
1181 2248 1291 2278 fratres

288 2299 348 2337 ipsi
375 2298 498 2327 confusi
522 2303 575 2326 aut
597 2298 696 2327 nichil
718 2298 792 2328 inde
811 2303 865 2328 aut
883 2300 1041 2329 modicum
1059 2306 1288 2340 consequntur.

288 2351 371 2387 Quia
381 2351 480 2389 igitur
488 2351 545 2380 hoc
555 2351 706 2380 indecens
715 2356 769 2385 est.
783 2353 853 2381 etin
863 2356 1078 2392 contemptum
1090 2355 1148 2383 Dei
1158 2355 1291 2385 eteccle-

288 2406 332 2434 sie
349 2414 478 2434 romane
496 2404 663 2441 redundat,
682 2413 751 2441 uos,
768 2406 1025 2444 predecessorum
1039 2408 1180 2446 ipsorum
1195 2409 1290 2439 vesti-

287 2458 349 2496 giis
369 2458 552 2487 inherentes
565 2482 572 2494 ,
594 2458 793 2497 universitati
811 2464 913 2489 vestre
926 2461 1161 2499 pei-apostolica
1177 2463 1292 2501 scripta

288 2512 491 2550 precipiendo
506 2512 695 2541 mandamus
707 2517 877 2550 quatenus,
889 2523 961 2543 cum
979 2514 1089 2544 fratres
1100 2515 1160 2553 ipsi
1177 2515 1215 2544 ad
1226 2515 1292 2546 loca

292 2570 395 2594 vestra
420 2574 474 2602 pro
500 2564 682 2594 elemosinis
705 2567 893 2596 accesserint
922 2567 1126 2605 colligendis,
1153 2568 1292 2607 benigne

289 2618 479 2656 recipientes
496 2618 622 2647 eosdem
642 2623 672 2647 et
688 2619 819 2649 honeste
837 2624 1021 2656 tractantes,
1039 2622 1121 2659 ipsos
1141 2622 1174 2651 in
1196 2622 1293 2653 eccle-

289 2671 346 2700 siis
363 2671 474 2700 vestris
491 2680 677 2701 ammonere
693 2672 844 2710 populum
861 2673 1200 2706 etelemosinaslibere
1216 2686 1290 2715 que-

291 2734 358 2753 rere
373 2724 562 2762 permittatis
576 2735 582 2760 ;
602 2726 788 2754 confratrias
805 2731 934 2762 vestras,
952 2736 1030 2766 quas
1046 2728 1147 2758 facere
1163 2731 1293 2768 potestis

290 2777 422 2813 cotidie,
448 2777 588 2815 ipsorum
606 2779 804 2815 conti-atriis,
823 2789 884 2818 que
907 2781 1004 2810 semel
1024 2782 1057 2811 in
1082 2792 1167 2813 anno
1192 2784 1291 2823 fiunt,

291 2829 474 2859 nullatenus
492 2836 711 2869 proponentes,
734 2841 772 2861 ne
789 2833 955 2864 occasione
972 2834 1101 2866 illarum
1119 2837 1293 2868 elemosine

292 2892 462 2921 pauperum
503 2883 621 2913 Christi
660 2885 849 2924 depereant,
887 2892 915 2916 et
954 2888 1170 2927 impediantur
1199 2901 1294 2931 opera

292 2935 429 2974 pietatis.
446 2937 702 2975 Sanequoniam,
719 2939 759 2968 ob
772 2941 1091 2981 reverentiamipsius
1103 2944 1294 2975 venerabilis

293 2987 469 3026 hospitalis,
492 2989 574 3017 idem
597 2990 787 3025 Alexander,
814 2993 1014 3030 predecessor
1039 3001 1156 3034 noster,
1178 2997 1294 3028 dicitur

291 3041 438 3071 statuisse
455 3046 487 3069 ut
501 3050 592 3071 uerno
603 3045 858 3074 excommunicet
870 3047 979 3076 fratres
993 3048 1076 3087 ipsos
1091 3050 1139 3079 vel
1151 3051 1292 3089 ipsorum

293 3094 426 3124 oratoria
445 3094 620 3132 interdicat,
632 3096 700 3125 sine
715 3098 862 3129 mandato
876 3100 959 3129 sedis
975 3103 1143 3140 apostolice
1156 3104 1293 3143 spetiali,

1372 488 1568 527 presentium
1588 487 1677 517 vobis
1693 488 1878 517 auctoritate
1896 488 2086 526 precipimus
2102 493 2136 518 ut
2151 489 2235 527 ipsos
2253 499 2372 522 excom-

1371 541 1547 577 municare,
1562 545 1615 570 aut
1629 549 1738 570 eorum
1751 540 1900 569 ecclesias
1912 541 2101 571 interdicere
2112 541 2294 572 nullatenus
2303 553 2372 582 pre-

1371 594 1514 624 sumatis.
1530 594 1576 623 De
1590 593 1808 631 parrochianis
1820 597 1925 622 autem
1937 594 2059 629 vestris,
2071 595 2124 632 qui
2141 594 2249 625 domos
2265 604 2371 628 eorum

1371 647 1527 677 invadunt
1550 656 1604 685 per
1630 646 1817 676 violentiam
1845 646 1891 675 vel
1919 646 2117 684 infringunt,
2145 652 2199 678 aut
2223 648 2372 682 indebitis

1371 700 1525 730 molestiis
1541 701 1724 739 opprimunt
1742 700 1853 729 fratres
1871 700 1954 738 ipsos
1966 722 1975 736 ‚
1993 705 2023 730 et
2041 706 2102 730 tam
2119 701 2260 741 deposita
2277 712 2372 742 quam

1371 764 1420 784 res
1432 755 1587 792 diripiunt
1604 753 1800 789 eorumdem,
1817 762 1888 783 cum
1902 753 2016 783 exinde
2030 755 2264 793 querimoniam
2279 755 2371 796 depo-

1371 807 1611 836 suerintcoram
1623 807 1722 842 vohis,
1742 810 1803 835 tam
1821 806 1994 836 districtam
2012 807 2057 836 eis
2070 808 2226 845 justitiam
2241 808 2371 848 faciatis,

1371 865 1401 889 et
1422 861 1461 888 ita
1486 861 1559 898 jura
1589 869 1696 889 eorum
1722 859 1892 888 defender«¹
1922 864 1976 888 aut
2002 865 2208 891 manutenere
2236 862 2370 900 curetis,

1370 913 1453 951 quod
1471 914 1529 951 ipsi
1546 914 1585 942 ad
1608 922 1664 942 nos
1688 922 1742 951 pro
1763 912 1885 942 defectu
1903 913 2024 951 justitie
2043 922 2114 952 sepe
2131 923 2294 944 recurrere
2309 923 2372 946 nou

1371 971 1534 1002 cogantur,
1553 967 1603 995 sed
1619 975 1675 996 nos
1692 966 1941 996 sollicitudinem
1959 971 1989 996 et
2007 966 2219 996 obedientiam
2238 972 2372 999 vestram

1370 1019 1542 1049 debeamus
1577 1020 1688 1049 merito
1720 1019 1943 1049 commendare
1959 1043 1964 1055 ,
1995 1028 2113 1058 vosque
2145 1020 2371 1052 beneficiorum

1370 1081 1430 1111 que
1456 1073 1488 1101 in
1517 1077 1625 1102 sancta
1651 1073 1705 1102 illa
1726 1073 1819 1102 domo
1846 1073 1929 1102 fiunt
1946 1073 2113 1111 participes
2130 1073 2283 1104 existatis.
2300 1070 2373 1106 Pre-

1372 1129 1455 1154 terea
1472 1124 1587 1154 liberas
1606 1130 1635 1154 et
1655 1125 1814 1155 absolutas
1832 1134 1982 1164 personas
2007 1135 2068 1164 que
2085 1135 2117 1155 se
2139 1125 2248 1156 domui
2264 1135 2373 1158 eorum

1370 1178 1402 1207 in
1435 1179 1566 1207 sanitate
1598 1178 1645 1208 vel
1673 1179 1859 1208 infirmitate
1896 1178 2095 1209 reddiderint
2127 1179 2224 1209 libere
2251 1184 2282 1209 et
2305 1180 2373 1212 siue

1370 1230 1513 1260 molestia
1535 1232 1632 1270 recipi
1652 1233 1841 1271 permittatis
1867 1233 1906 1261 ab
1928 1232 1993 1267 eis,
2019 1242 2075 1262 nec
2099 1232 2183 1271 ipsos
2207 1242 2302 1272 super
2317 1233 2375 1265 hoc

1371 1285 1527 1322 temptetis
1543 1284 1744 1323 aliquatenus
1762 1286 1925 1324 impedire.
1950 1286 2031 1315 Illud
2047 1290 2153 1316 autem
2172 1294 2236 1317 non
2252 1286 2373 1318 medio-

1369 1338 1463 1367 criter
1479 1343 1583 1367 movet
1606 1348 1678 1375 nos,
1707 1348 1763 1369 nec
1789 1339 1949 1369 modicum
1968 1340 2098 1370 ecclesie
2114 1340 2244 1379 derogat
2260 1339 2374 1371 hones-

1370 1392 1436 1428 tati,
1455 1392 1537 1429 quod
1555 1392 1684 1430 quidam
1703 1397 1854 1429 vestrum,
1869 1398 1980 1423 contra
1996 1393 2234 1423 institutionem
2250 1397 2374 1424 sancto-

1370 1440 1453 1474 rum
1473 1451 1596 1484 patrum
1628 1446 1661 1475 in
1693 1447 1872 1476 Turonensi
1905 1447 2040 1476 cons-ilio
2068 1447 2203 1483 editam,
2242 1447 2375 1478 fratrum

1370 1498 1512 1538 ipsorum
1529 1508 1670 1538 corpora,
1690 1509 1761 1529 cum
1780 1500 1950 1536 decedunt,
1966 1500 2078 1530 nolunt
2094 1501 2165 1530 sine
2177 1499 2278 1539 pretio
2289 1508 2374 1539 sepe-

1370 1552 1440 1583 lire.
1457 1553 1562 1589 Unde,
1580 1554 1654 1592 quia
1671 1557 1736 1583 tam
1755 1563 1851 1592 prava
1868 1555 1985 1584 exactio
2001 1559 2031 1584 et
2051 1555 2162 1593 iniqua
2180 1562 2242 1585 non
2259 1558 2305 1584 est
2319 1553 2376 1584 ali-

1370 1610 1527 1644 quatenus
1545 1606 1725 1643 toleianda,
1747 1607 1781 1636 in
1799 1607 1980 1637 obedientie
2002 1608 2090 1637 vobis
2115 1608 2232 1638 virtute
2242 1606 2376 1646 precipi-

1370 1668 1442 1689 mus
1459 1663 1492 1688 ιιι
1505 1659 1593 1690 nullo
1606 1660 1700 1690 modo
1715 1669 1734 1690 a
1751 1660 1904 1690 fratribus
1920 1661 1998 1700 ipsis
2010 1660 2058 1691 vel
2071 1660 2141 1690 aliis
2152 1669 2208 1700 pro
2219 1659 2378 1699 sepultura

1371 1713 1544 1752 quicquam
1560 1714 1687 1751 exigere
1705 1713 1755 1743 vel
1780 1715 1941 1752 accipere,
1964 1714 2027 1743 nisi
2050 1713 2133 1753 quod
2156 1713 2377 1744 decedentium
2415 1744 2417 1748 ,

1372 1771 1545 1806 spontanea
1558 1766 1744 1804 liberalitas,
1760 1767 1809 1796 vel
1823 1771 1990 1806 parentum
2007 1776 2061 1797 seu
2077 1767 2215 1798 aliorum
2231 1765 2376 1798 fidelium

1372 1829 1451 1859 pura
1464 1820 1589 1850 devotio
1604 1820 1690 1850 vobis
1706 1819 1887 1857 contulerit,
1899 1820 2103 1859 attemptetis,
2117 1820 2171 1850 sed
2183 1820 2302 1859 absque
2314 1818 2377 1851 ullo
2407 1837 2410 1846 ‹

1371 1874 1472 1912 pretio
1492 1873 1649 1912 sepeliatis
1666 1881 1795 1912 corpora
1813 1876 2021 1909 mortuorum,
2039 1877 2069 1903 et
2084 1873 2110 1902 si
2126 1873 2200 1912 quis
2219 1872 2279 1904 hoc
2296 1871 2374 1903 ulte·
2408 1862 2417 1895 ᾗ

1372 1928 1440 1957 rius
1461 1927 1708 1966 attemptaverit,
1730 1926 1832 1956 taliter
1849 1927 2112 1957 animadvertatis
2131 1927 2164 1956 in
2185 1935 2278 1967 eum,
2293 1925 2376 1966 quod

1371 1981 1510 2020 amplius
1529 1980 1648 2010 similia
1664 1989 1727 2010 non
1745 1985 1916 2019 presumat.
1935 1980 1985 2010 Ad
2001 1980 2059 2010 hoc
2075 1980 2272 2019 presentium
2288 1979 2376 2010 vohis

1372 2036 1557 2065 auctoritate
1573 2035 1768 2074 precipimus
1785 2044 1824 2064 ne
1839 2035 1878 2064 ab
1893 2035 1950 2071 eis,
1968 2039 2077 2064 contra
2095 2039 2237 2064 tenorem
2254 2032 2376 2073 privile-

1372 2089 1499 2128 giorum
1517 2088 1601 2118 sedis
1616 2088 1795 2127 apostolice,
1815 2088 1853 2118 de
1871 2088 2075 2117 nutrimentis
2091 2087 2286 2118 animalium
2303 2094 2376 2118 suo—

1373 2152 1457 2180 rum,
1475 2142 1539 2171 sive
1553 2141 1590 2170 de
1607 2142 1683 2180 ipsis
1698 2141 1905 2178 animalibus,
1918 2141 2058 2171 decimas
2072 2141 2197 2179 exigere
2213 2149 2376 2181 presuma-

1373 2197 1425 2227 tis.
1448 2196 1529 2226 Cum
1552 2200 1658 2225 autem
1681 2195 1819 2225 oratoria
1834 2195 1883 2225 vel
1902 2195 2074 2232 cimiteria,
2095 2194 2276 2225 secundum
2293 2193 2376 2234 quod

1372 2250 1474 2280 dictus
1489 2249 1673 2285 Johannes,
1691 2248 1891 2287 predecessor
1911 2253 2027 2285 noster,
2052 2254 2082 2278 et
2100 2257 2157 2279 nos
2174 2248 2219 2278 eis
2235 2246 2374 2278 indulxi-

1374 2313 1457 2339 mus,
1474 2303 1623 2333 duxerint
1637 2302 1862 2338 construenda,
1880 2311 1950 2338 vos,
1971 2302 2082 2332 fratres
2099 2301 2332 2342 archiepiscopi
2346 2304 2376 2332 et

1374 2357 1524 2397 episcopi,
1538 2357 1582 2386 eis
1593 2365 1648 2395 pro
1657 2365 1689 2385 se
1700 2365 1736 2386 ac
1748 2356 1870 2386 familia
1882 2365 1939 2385 sua
1951 2361 2037 2385 tantu
2045 2366 2074 2385 m
2086 2356 2224 2387 oratoria
2232 2355 2375 2386 dedicare

1374 2420 1409 2440 ac
1431 2410 1586 2440 cimiteria
1608 2409 1797 2439 benedicere
1820 2410 2002 2447 procuretis,
2023 2418 2061 2439 ne
2086 2409 2202 2448 aliquis
2225 2413 2373 2447 vestrum,

1375 2467 1482 2494 contra
1497 2463 1731 2492 concessionem
1748 2467 1899 2498 nostram,
1912 2462 1944 2491 id
1958 2462 2115 2500 impedire
2130 2462 2246 2493 audeat
2256 2462 2374 2502 aliqua·
2384 2464 2390 2470 '

1376 2522 1468 2547 tenus
1491 2516 1538 2546 vel
1564 2516 1700 2545 turbare.
1729 2516 1774 2545 De
1799 2519 1903 2545 cetero
1929 2524 2056 2554 qnoque
2079 2516 2190 2546 fratres
2214 2513 2376 2555 hospitalis

1376 2570 1483 2601 Sancti
1500 2569 1634 2599 Antonii
1658 2569 1691 2598 in
1716 2569 1828 2598 vestris
1850 2569 2089 2608 episcopatibus
2102 2570 2287 2600 constitutos
2299 2592 2307 2606 ‚
2321 2566 2376 2608 qui

1376 2632 1469 2653 suuni
1488 2623 1634 2652 habitum
1652 2622 1863 2660 deponentes,
1881 2632 1934 2661 per
1949 2622 2115 2652 illecebras
2126 2622 2227 2652 seculi
2242 2626 2273 2653 et
2288 2621 2374 2653 vitio-

1377 2687 1448 2707 rum
1469 2680 1596 2714 arrupta
1614 2679 1787 2712 vagantur,
1813 2679 1841 2704 et
1858 2674 1930 2705 illos
1947 2676 2043 2705 etiam
2059 2676 2113 2714 qui
2130 2675 2290 2714 prioribus
2311 2674 2376 2706 suis

1376 2733 1579 2758 contumaces
1591 2732 1620 2756 et
1632 2726 1765 2756 rebelles
1781 2727 1931 2763 existunt,
1945 2732 1974 2756 et
1985 2727 2104 2757 balivas
2115 2727 2261 2757 detinent
2270 2731 2376 2758 contra.

1379 2781 1575 2812 voluntatem
1588 2789 1710 2817 eorum,
1722 2781 1876 2810 moneatis
1888 2781 2046 2811 instanter
2055 2785 2084 2810 et
2094 2790 2150 2820 pro
2161 2785 2264 2812 vestro
2273 2779 2376 2811 officio

1381 2837 1485 2867 debito
1501 2835 1701 2874 compellatis
1713 2840 1756 2871 ut,
1770 2836 1917 2866 habitum
1928 2836 2106 2874 depositum
2122 2840 2330 2874 resumentes,
2341 2835 2377 2866 in

1377 2889 1558 2920 obedientia
1576 2888 1766 2927 prelatorum
1786 2898 1917 2919 suorum
1940 2889 2049 2919 devote
2067 2898 2102 2919 ac
2125 2889 2290 2920 humiliter
2305 2897 2376 2928 per-

1378 2947 1542 2978 severent,
1575 2946 1603 2971 et
1630 2942 1750 2971 balivas
1776 2942 1841 2972 sive
1870 2942 1932 2972 alia
1960 2942 2064 2972 officia
2093 2942 2182 2973 nullo
2207 2942 2298 2974 modo
2323 2949 2377 2981 per

1379 2995 1564 3026 violentiam
1582 2995 1723 3025 detinere
1742 3001 1937 3034 presumant.
1954 2996 2154 3035 Quicumque
2169 3000 2274 3026 autem
2291 3003 2376 3026 man-

1378 3051 1523 3080 datorum
1536 3055 1714 3080 nostrorum
1728 3049 1892 3080 extiterint
1907 3055 2149 3088 contemptore&
2162 3047 2374 3080 excommuni-

1377 3103 1512 3134 cationis
1528 3112 1579 3133 eos
1595 3102 1755 3132 sententia
1769 3102 1958 3141 percellatis,
1974 3112 2070 3142 quam
2084 3102 2207 3133 faciatis
2224 3109 2324 3141 usque
2336 3098 2375 3131 ad
