2477 3637
218 360 275 391 370
963 357 1199 389 REGISTRES
1221 358 1276 388 DE
1297 358 1480 389 NICOLAS
1502 359 1558 389 IV.

217 427 369 465 derogare
387 426 431 456 eis
449 434 529 465 quae
547 426 576 455 ei
593 425 716 454 ratione
733 423 900 462 legationis
916 433 972 454 seu
986 424 1221 464 jurisdictionis

216 480 396 511 ordinariae
410 482 603 518 competunt.

259 546 272 561 ι
290 533 371 564 Cum
389 541 445 563 uos
463 532 556 562 tibi...
577 548 615 553 —
638 531 709 560 Dat.
736 531 836 561 Rome
855 535 889 561 ut
907 539 1018 570 supra,
1045 531 1154 562 idibus
1176 532 1221 562 fe-

216 585 355 622 bruarii,
372 593 458 615 anno
471 583 622 614 secundo.
640 595 653 610 ι

286 757 403 787 2095

249 819 448 855 Inquisitionis
468 818 602 846 officium.
629 818 710 851 (Rso.
728 819 776 850 44,
793 826 819 845 c.
836 818 886 846 824
897 840 904 853 ,
920 819 939 846 f.
956 819 1009 847 290
1024 824 1071 853 v⁰;
1098 818 1221 851 Purra..

214 868 323 901 23188.)

521 756 884 791 Sainte-Marie—Majeure,
901 757 932 784 21
951 757 1055 784 sevrier
1071 756 1150 784 1290.

254 971 358 1000 Eidem
376 969 507 999 mandat
525 973 561 999 ut
577 969 610 998 in
629 969 722 999 terris
740 977 816 999 suae
830 968 998 1007 legationis
1017 969 1222 1009 inquisitores

214 1023 391 1054 haereticae
407 1022 569 1061 pravitatis
584 1023 740 1052 instituat.

257 1090 268 1102 ι
296 1076 346 1106 Ad
376 1075 598 1115 extirpandam
623 1076 794 1107 ubilibet...
819 1092 860 1098 —
884 1076 955 1105 Dat.
987 1076 1107 1112 Home,
1137 1075 1221 1115 apud

215 1130 365 1161 Sanctam
387 1129 522 1159 Mariam
540 1130 711 1169 Majorem,
733 1139 800 1159 vnn
817 1129 970 1160 kalendas
986 1129 1111 1166 martii,
1134 1138 1220 1159 anno

215 1183 364 1214 secundo.
384 1195 398 1210 n

284 1356 404 1386 2⁰96

248 1419 432 1454 Dispensatio
450 1419 631 1445 matrimonii.
649 1418 732 1453 (Reo.
749 1419 793 1451 44,
811 1427 837 1446 c.
856 1418 922 1450 825,
939 1419 958 1445 f.
975 1418 1027 1446 290
1043 1421 1092 1451 νο.)

513 1355 870 1391 Sainte-Marie-Majeure‚
888 1355 920 1382 13
936 1355 1040 1382 sevrier
1056 1355 1134 1383 1290.

258 1522 425 1552 Venerabili
443 1521 538 1557 fratri
557 1543 577 1550 ..
594 1521 727 1558 episcopo
748 1521 899 1550 Leodz‘ensi
915 1520 1047 1550 mandat
1063 1524 1221 1559 quatenus

210 1584 284 1606 cum
301 1574 441 1605 Henrico
457 1574 539 1605 dicto
557 1574 700 1604 Liefkint
714 1578 744 1604 et
761 1573 892 1613 Alleydi
910 1573 949 1604 de
965 1574 1046 1609 Dist,
1065 1573 1221 1603 Leodien-

210 1629 255 1659 sis
283 1628 459 1665 dioecesis,
479 1628 642 1666 dispenset
665 1632 699 1658 ut
723 1628 758 1657 in
778 1627 984 1658 matrimonio
1010 1627 1095 1666 quod
1121 1626 1218 1663 olim,

209 1683 395 1721 ignorantes
411 1681 574 1720 quondam
598 1681 735 1711 Mariam
752 1681 882 1711 Lodvici
894 1703 902 1718 ,
927 1681 1066 1720 priorem
1085 1681 1220 1711 Henrici

210 1745 366 1772 uxorem,
401 1735 532 1774 Alleydi
561 1739 673 1774 quarto
704 1735 994 1773 consanguinitatis
1016 1735 1117 1773 gradu
1142 1743 1219 1765 con-

207 1791 353 1829 Junctam
370 1789 485 1826 fuisse,
504 1792 734 1818 contraxerunt
749 1792 779 1818 et
794 1788 834 1818 in
845 1797 908 1827 quo
928 1788 1035 1827 plures
1052 1787 1135 1818 filios
1151 1797 1220 1827 pro-

210 1847 364 1873 crearunt
380 1850 546 1872 remanere
562 1841 699 1872 valeant.

255 1909 267 1923 ι
290 1896 406 1926 Petitio
423 1896 532 1926 dilecti
556 1895 652 1925 filii...
669 1912 709 1918 —
725 1896 797 1926 Dat.
823 1896 944 1934 Rome,
969 1896 1052 1935 apud
1069 1895 1218 1927 Sanctam

211 1950 347 1980 Mariam
366 1950 538 1988 Majorem,
555 1949 661 1979 idibus
674 1949 828 1979 februarii
841 1973 849 1987 ,
868 1958 954 1980 anno
970 1950 1119 1980 secundo.
1143 1962 1156 1977 »

279 2124 395 2154 209?
520 2122 880 2158 Sainte-Marie-MaJeure,
901 2124 931 2150 15
947 2123 1051 2149 sevi-ier
1070 2122 1146 2150 1290.

244 2186 348 2213 Contra
359 2194 410 2212 eos
421 2187 470 2221 qui
483 2187 689 2212 monasterium
702 2185 809 2212 Montis
821 2185 889 2212 Fani
904 2186 1063 2212 molestant.
1079 2185 1160 2218 (Reo.
1174 2186 1217 2217 44,

209 2243 235 2262 c.
254 2235 316 2266 826,
334 2236 352 2261 f.
369 2234 422 2261 290
439 2236 490 2267 vo.)

253 2337 418 2366 Venerabili
442 2338 538 2373 fratri
562 2337 613 2372 L.,
644 2337 773 2366 Ostiensi
802 2342 828 2366 et
862 2337 1032 2366 Velletrensi
1061 2338 1217 2374 episcopo,

207 2391 338 2420 mandat
352 2394 529 2428 quatenus,
548 2390 577 2420 si
592 2390 670 2427 sibi,
694 2394 763 2428 post
776 2390 1021 2429 inquisitionem
1039 2389 1077 2420 de
1100 2389 1217 2429 plano,

207 2445 278 2474 sine
300 2444 434 2482 strepitu
456 2449 485 2473 et
509 2444 613 2481 figura
630 2443 746 2483 J'udicii
766 2444 896 2481 factam,
919 2444 1095 2474 constiterit
1111 2453 1219 2474 veram

206 2508 274 2528 esse
302 2499 486 2537 petitionem
507 2521 527 2528 ..
553 2497 669 2537 prioris
691 2502 721 2527 et
747 2503 923 2528 conventus
950 2498 1136 2528 monasterii
1160 2498 1218 2528 he-

207 2552 288 2581 remi
308 2552 425 2582 Montis
443 2551 542 2588 Fani,
565 2551 688 2581 ordinis
711 2551 743 2581 S.
770 2551 956 2589 Benedicti,
976 2551 1218 2582 Camerinensis

206 2605 380 2640 dioecesis,
407 2606 626 2635 continentem
652 2618 665 2632 α
688 2605 772 2644 quod
798 2605 954 2636 nonnulle
979 2614 1131 2644 persone,
1153 2610 1218 2636 tam

207 2658 419 2689 ecclesiastice
434 2668 530 2698 quam
548 2659 717 2696 seculares,
731 2659 852 2694 domos,
871 2663 981 2694 terras,
1000 2661 1218 2698 possessiones

207 2712 332 2751 aliaque
351 2713 433 2742 bona
453 2712 491 2741 ad
511 2713 687 2751 predictum
711 2712 879 2743 heremum
899 2717 929 2743 et
945 2713 1009 2742 alia
1025 2715 1218 2745 monasteria

207 2770 236 2795 et
247 2766 402 2803 prioratus
418 2765 522 2795 eidem
540 2766 733 2796 monasterio
751 2767 867 2796 Montis
881 2766 961 2796 Fani
977 2766 1120 2806 subjecta
1134 2777 1218 2807 spec-

210 2820 307 2848 tantia
320 2819 462 2849 indebite
478 2825 671 2858 occupant...
689 2829 840 2858 personas
854 2820 1011 2859 predictas
1021 2821 1106 2859 quod
1121 2822 1218 2853 eccle-

208 2872 286 2901 sias.
307 2872 415 2901 «lomes
428 2896 435 2909 ‚
459 2878 556 2902 terras
569 2897 576 2910 ,
597 2873 812 2912 possessiones
831 2878 861 2903 et
876 2874 938 2904 alia
959 2874 1041 2904 bona
1063 2876 1218 2914 premissa

208 2924 252 2953 sic
269 2930 433 2963 occupata,
452 2926 601 2962 heremo,
622 2927 826 2956 monasteriis
842 2932 872 2956 et
888 2928 1078 2966 prioratibus
1096 2929 1218 2968 predic—

209 2977 247 3006 tis
273 2978 441 3007 restituant
468 2983 498 3008 et
519 2979 558 3008 de
583 2979 697 3009 ceteris
724 2979 885 3010 violentiis
909 2985 940 3010 et
961 2981 1090 3020 injuriis
1117 2982 1216 3013 illatis

208 3029 327 3059 eisdem
346 3032 540 3061 satisfaciant
565 3035 784 3071 competenter
803 3045 816 3059 »ι
835 3033 1017 3072 compellat,
1038 3036 1216 3066 contradic-

1304 429 1385 455 tores
1400 434 1457 463 per
1474 433 1645 455 censuram
1666 425 1911 456 ecelesiasticam
1923 451 1930 463 ,
1949 427 2160 467 appellatione
2181 434 2304 470 postpo-

1304 478 1378 515 sita,
1395 482 1588 517 compescat,
1605 479 1751 509 invocato
1765 478 1806 509 ad
1819 478 1895 516 hoc,
1915 479 1944 509 si
1959 488 2038 519 opus
2053 481 2154 512 fuerit
2165 505 2173 519 ‚
2191 482 2309 515 auxilio

1302 531 1442 561 bracchii
1459 531 1644 562 saecularis.

1345 596 1359 612 ι
1382 585 1478 623 Regis
1495 585 1619 624 pacifici
1641 585 1735 624 qui...
1758 602 1799 608 —
1822 586 1891 616 Dat.
1918 587 2031 624 Rome,
2053 587 2139 627 apud
2160 587 2309 620 Sanctam

1303 638 1439 668 Mariam
1455 638 1609 677 Majorem
1620 661 1628 675 ‚
1646 648 1686 668 xv
1700 638 1854 669 kalendas
1869 639 1997 676 martii,
2015 648 2102 671 anno
2122 640 2272 672 secundo.
2291 652 2308 670 n

1376 811 1495 840 2098

1339 874 1468 902 Licentia
1482 864 1616 902 audiendi
1632 875 1724 902 officia
1739 878 1868 910 tempore
1884 876 2040 903 interdicti.
2054 876 2137 909 (Rau.
2153 876 2198 908 44,
2209 883 2235 904 c.
2247 875 2308 910 82¹1.

1616 810 1975 848 Sainte-Marie—Majeure,
1992 812 2025 840 20
2041 813 2145 840 sevrier
2161 812 2239 842 1290.
2356 753 2372 837 ξ

1303 923 1323 950 t.
1339 924 1387 952 291
1404 931 1450 955 ro:
1468 924 1585 958 Poma,
1603 923 1712 959 23187.)
2342 822 2378 997 ³

1345 1050 1366 1057 ..
1385 1028 1531 1065 mayislro
1548 1031 1573 1056 et
1586 1028 1734 1064 fratribus
1748 1028 1907 1065 hospitalis
1921 1028 2107 1065 leprosorum
2128 1027 2234 1058 Sancti
2253 1011 2311 1058 1ιᾷ-
2335 1047 2341 1050 -

1303 1081 1373 1109 zari
1389 1080 1422 1109 de
1444 1079 1638 1117 Vallencellis,
1655 1080 1812 1118 spoletana
1827 1081 1962 1110 diocesis.
2471 1036 2477 1113 1

1346 1143 1359 1158 ι
1390 1132 1576 1163 Devotionis
1599 1138 1701 1163 vestre
1723 1133 1910 1172 precihus...
1933 1150 1972 1155 -
1994 1133 2067 1164 Dat.
2090 1133 2209 1173 Rome,
2228 1132 2311 1173 apud
2340 1133 2343 1138 ⁸
2469 1147 2477 1170 1

1305 1186 1454 1216 Sanctam
1472 1186 1606 1216 Mariam
1626 1187 1793 1226 Maiorem,
1813 1196 1831 1216 x
1850 1185 2004 1216 kalendas
2020 1186 2141 1224 martii,
2160 1194 2247 1218 anno
2261 1195 2312 1218 εο-
2332 1206 2340 1211 ·
2467 1193 2477 1224 t

1305 1239 1421 1270 cundo.
1442 1251 1455 1267 n
2465 1247 2477 1278 lo

2463 1355 2477 1384 11

1375 1412 1492 1441 2099

1341 1474 1473 1502 Facultas
1490 1475 1668 1502 absolvendi.
1685 1475 1768 1509 (Rae.
1787 1475 1831 1510 44,
1853 1483 1878 1502 c.
1901 1475 1968 1507 828,
1984 1475 2005 1502 f.
2021 1474 2070 1502 291
2088 1476 2136 1508 1¹⁰.)

1620 1411 1977 1447 Sainte-Marie-Majeure‚
1995 1412 2028 1439 10
2043 1412 2147 1440 sevi-ier
2163 1411 2241 1440 1290.

1342 1578 1476 1615 Νίοοίαο,
1492 1578 1665 1615 patriarche
1676 1578 1933 1615 Jerosolimitano,
1945 1578 2105 1615 apostolice
2116 1578 2194 1607 sedis
2205 1578 2309 1616 legato,
2328 1603 2331 1608 ,

1302 1631 1487 1661 facultatem
1509 1631 1656 1662 concedit
1675 1630 1861 1662 absolvendi
1880 1639 1993 1661 omues
2016 1630 2207 1661 clericorum
2229 1630 2311 1662 ocei-
2327 1631 2331 1633 Δ

1303 1693 1406 1722 sores,
1436 1689 1500 1715 tam
1525 1685 1610 1715 infra
1635 1693 1710 1714 suae
1733 1684 1902 1723 legationis
1928 1684 2081 1714 terminos
2101 1683 2310 1715 consistentes

1303 1747 1400 1777 quam
1411 1739 1596 1769 accedentes
1611 1738 1838 1777 undecumque
1847 1737 1881 1766 in
1896 1737 2078 1768 subsidium
2086 1738 2204 1768 Terrae
2216 1737 2311 1775 Sane?⁸

1303 1791 1417 1830 tae‚'ab
1433 1791 1775 1822 excommunicationis
1791 1791 1960 1822 sententia.

1344 1856 1358 1872 α
1376 1845 1584 1875 Intendentes
1601 1844 1736 1875 sollicite
1752 1844 1830 1874 ad...
1844 1860 1880 1866 —
1897 1842 1971 1873 Dat.
1983 1843 2097 1880 Rome,
2114 1842 2200 1883 apud
2213 1842 2321 1874 Sauo·-

1302 1903 1367 1928 tam
1398 1899 1534 1929 Mariam
1566 1899 1722 1938 MaJ'orem
1734 1888 1751 1934 ,¹
1775 1907 1820 1926 1111
1848 1897 1920 1929 idus
1949 1896 2104 1927 februarii
2115 1922 2122 1935 ,
2150 1904 2237 1928 anno
2261 1903 2324 1941 ⁸⁶⁴.

1301 1953 1417 1983 cundo.
1445 1964 1458 1980 n

1373 2126 1494 2157 2100

1338 2189 1471 2217 Facultas
1486 2188 1653 2216 conferendi
1669 2189 1818 2216 beneficia.
1839 2188 1921 2222 (Rae.
1938 2188 1981 2220 44,
1998 2196 2024 2215 c.
2041 2187 2104 2222 829,
2119 2187 2140 2214 f.
2155 2186 2206 2215 291
2223 2165 2277 2221 β’.)-
2312 2166 2313 2169 ¹

1604 2125 1975 2159 Sainte-Marie-Majeure‚
1994 2125 2026 2152 10
2041 2124 2145 2152 sevrier
2162 2123 2241 2152 1290.

1341 2293 1445 2322 Eidem
1467 2291 1612 2322 concedit
1635 2296 1668 2321 ut
1685 2290 1798 2321 omnia
1817 2290 2030 2321 ecclesiastica
2051 2289 2209 2320 beneficia
2229 2297 2312 2330 quw

1299 2346 1334 2376 in
1351 2345 1524 2385 provinciis
1539 2354 1615 2375 suae
1630 2344 1800 2382 legationis
1820 2348 1907 2374 tanto
1923 2348 2064 2383 tempore
2077 2344 2146 2383 jam
2161 2339 2316 2374 vacat-inti

1300 2399 1386 2439 quod
1399 2407 1509 2429 eorum
1527 2397 1652 2428 collatio
1667 2397 1707 2427 ad
1722 2397 1831 2427 sedem
1844 2397 2062 2436 apostolicam,
2075 2398 2166 2436 juxta
2182 2396 2314 2426 Latera--

1299 2453 1410 2483 nensis
1438 2451 1570 2482 concilii
1587 2455 1721 2487 statuta,
1746 2450 1889 2488 legitime
1910 2449 2059 2480 devoluta
2081 2450 2140 2486 sit,
2166 2447 2311 2489 personis

1299 2505 1424 2536 idoneis
1439 2505 1581 2535 conferat
1596 2509 1627 2534 et
1641 2504 1795 2542 assignet.

1342 2570 1356 2586 ι
1377 2559 1420 2589 Ut
1436 2567 1569 2597 operum
1587 2557 1825 2588 exhibitione...
1841 2573 1881 2581 -
1896 2556 1969 2587 Dat.
1988 2561 2022 2587 ut
2037 2565 2145 2596 supra.
2163 2567 2178 2584 n

1369 2710 1487 2739 zion

1336 2773 1521 2808 Dispensatio
1539 2773 1720 2800 matrimonii.
1738 2772 1820 2808 (Rea.
1839 2772 1884 2806 44,
1900 2780 1927 2799 c.
1943 2771 2004 2802 830,
2022 2771 2043 2799 f.
2059 2770 2110 2798 291
2128 2769 2178 2799 1-0.)

1601 2709 1965 2745 Sainte-Marie-Majeure,
1985 2709 2016 2736 15
2031 2709 2136 2736 fevi-ier
2153 2706 2232 2736 1290.

1345 2876 1510 2906 Venerabili
1523 2876 1618 2912 fratri
1633 2897 1653 2904 ..
1669 2875 1891 2913 archiepiscopo
1907 2874 2045 2903 Toletano
2056 2871 2188 2902 mandat
2202 2878 2245 2910 qu

1299 2939 1361 2961 nus
1376 2939 1449 2960 cum
1467 2928 1568 2959 nobili
1585 2929 1652 2958 viro
1669 2928 1756 2966 Lupo
1774 2927 1907 2957 Martini
1922 2931 1953 2956 et
1968 2925 2072 2956 nobili
2087 2924 2222 2955 muliere
2243 2921 2271 2953 T

1298 2984 1381 3014 rasia
1403 2982 1546 3019 Aliensi,
1566 2981 1691 3011 civibus
1713 2979 1895 3018 Toletanis,
1912 2979 2076 3019 dispenset
2094 2981 2128 3008 ut
2144 2977 2179 3007 in
2195 2973 2310 3025 matri<-¹

1299 3037 1407 3067 monio
1424 3036 1508 3075 quod
1523 3035 1619 3072 olim,
1636 3035 1820 3073 ignorantes
1836 3042 1869 3063 se
1887 3036 1999 3072 quarta
2014 3028 2260 3070 consanguinita
