2342 3652
930 364 1158 407 DEUXIn'ME
1180 370 1336 406 ANNEE.
2128 387 2183 415 ‘249

100 441 145 472 sia
162 441 252 480 cujus
274 440 404 470 illorum
430 444 476 470 est
501 440 675 479 proprietas
699 450 772 470 curn
799 442 864 471 suis
897 442 1103 480 proventibus

99 493 278 524 decimabit.

139 546 256 576 Prelati
273 545 312 576 de
329 545 608 584 procurationibus
625 554 703 583 quas
722 546 755 575 in
780 546 972 577 victualibus
998 548 1102 586 perci-

101 599 191 639 piunt
214 598 371 628 decimam
397 606 462 628 non
490 597 694 636 persolvent3
722 598 775 628 sed
801 599 857 636 qui
882 608 934 629 eas
962 604 1103 638 prestant

100 651 283 691 hujusmodi
306 650 454 680 victualia
479 650 513 679 in
540 650 754 680 decimatione
782 651 941 681 dictorum
967 661 1101 689 proven-

101 709 189 736 tuum
203 707 232 734 et
247 703 431 734 reddituum
450 703 686 739 numerabunt,
702 707 732 733 et
747 703 871 733 solvent
890 704 1046 734 decimam
1064 705 1103 734 de

101 758 229 789 eisdem.
317 765 326 777 ·

139 811 186 841 De
200 810 265 840 illis
281 813 388 840 autem
404 809 684 848 procurationibus
703 818 781 848 quas
795 810 907 849 prelati
920 811 955 840 in
968 811 1103 849 pecunia

101 867 264 894 numerata
283 863 344 892 rite
359 863 541 902 percipiunt
557 863 597 892 ab
613 863 747 901 antiquo
765 867 795 892 et
815 872 893 902 quas
909 865 1101 903 percipient,

102 912 223 947 etiamsi
239 924 302 945 non
317 916 495 950 visitarent,
514 915 672 945 decimam
690 920 829 954 prestare
850 920 1008 946 tenentur.

140 968 284 999 Prelatus
310 972 417 998 autem
443 969 500 1007 qui
526 968 783 1007 procurationem
807 978 903 1008 quam
932 970 1002 999 sine
1026 970 1104 999 visi-

102 1022 220 1052 tatione
246 1022 348 1060 potuit
375 1022 413 1051 de
436 1023 509 1061 jure
531 1022 693 1060 percipere
715 1022 749 1051 in
776 1023 912 1060 pecunia
936 1027 1105 1052 numerata

100 1075 250 1114 remittit,
267 1076 344 1114 quia
361 1075 497 1104 remittit
519 1075 605 1113 quod
631 1076 690 1105 sibi
712 1076 844 1105 debetur
860 1081 889 1105 et
904 1075 942 1105 de
961 1085 1023 1114 quo
1041 1076 1104 1106 sol-

101 1128 197 1158 visset
210 1127 370 1157 decimam
395 1128 423 1157 si
442 1128 613 1168 recepisset
636 1128 733 1163 illud,
753 1133 878 1158 tenetur
900 1138 936 1158 ex
962 1129 1017 1158 tali
1033 1138 1103 1168 pro-

100 1181 260 1212 curatione
290 1169 461 1211 decimam*
481 1181 642 1211 exhibere.
676 1182 710 1211 Si
738 1190 812 1212 vero
847 1183 1103 1220 procurationem

99 1243 194 1274 quam
210 1238 333 1264 tantum
350 1235 385 1263 in
403 1234 599 1265 victualibus
617 1234 693 1264 licet
707 1235 827 1274 percipi
844 1235 976 1265 fortasse
992 1236 1103 1265 remit—

100 1291 156 1324 tat,
175 1296 309 1326 persona
325 1287 539 1318 ecclesiastica
563 1289 614 1318 cui
640 1288 788 1318 remissio
814 1289 894 1318 tacta
921 1293 968 1318 est
989 1289 1103 1328 hujus·-

97 1341 183 1371 modi
201 1341 351 1371 victualia
373 1350 448 1371 cum
472 1341 545 1371 aliis
570 1342 637 1371 suis
660 1342 883 1380 proventibus,
911 1351 983 1372 cum
1005 1342 1105 1372 solvet

99 1394 272 1426 decimam,
289 1395 472 1431 extimabit,
490 1404 564 1425 cum
582 1395 697 1432 etiam,
720 1395 746 1424 si
770 1404 835 1425 non
853 1400 935 1425 esset
950 1397 1102 1433 remissa,

97 1447 158 1479 hoc
172 1448 273 1478 facere
290 1452 462 1478 teneretur.
606 1485 611 1490 ι

136 1501 175 1530 In
191 1501 342 1531 solvendo
357 1501 517 1531 decimam
534 1502 750 1540 supradictam
763 1502 828 1532 sole
841 1511 976 1540 expense
990 1511 1102 1532 neces-

99 1554 179 1584 sarie
200 1563 262 1592 que
283 1554 367 1584 fiunt
382 1554 416 1583 in
437 1564 470 1584 re
488 1563 523 1584 ex
549 1563 612 1593 qua
630 1554 752 1585 fructus
771 1556 966 1593 percipiunt,
982 1555 1103 1586 arando

98 1611 129 1638 et
150 1606 282 1637 colendo
303 1616 339 1637 ac
362 1607 543 1645 colligendo
568 1608 711 1644 fructus,
729 1609 799 1638 sine
814 1609 930 1647 quibus
948 1617 1011 1639 non
1030 1617 1102 1647 pos-

98 1664 172 1690 sunt
184 1659 248 1698 ipsi
262 1660 384 1690 fructus
399 1661 537 1699 percipi,
556 1660 765 1691 deducentur.

137 1714 280 1753 Expense
291 1718 399 1744 autem
410 1723 471 1753 que
483 1714 566 1744 fiunt
576 1715 610 1744 111
626 1719 802 1745 castrorum
816 1715 1014 1752 custodibus,
1028 1725 1101 1745 cum

98 1767 161 1798 sint
172 1772 257 1798 extra
268 1777 348 1805 rem,
361 1768 411 1798 vel
425 1769 460 1798 in
473 1768 606 1798 edificiis
618 1769 841 1799 construendis
853 1769 901 1799 vel
912 1778 1099 1799 conservan-

98 1820 162 1858 dis,
184 1820 367 1851 nullatenus
388 1821 605 1859 deducentur3
625 1823 707 1852 sicut
727 1822 773 1861 (l)
796 1831 855 1852 nec
878 1822 933 1852 ille
959 1832 1020 1862 que
1046 1831 1101 1861 pro

98 1873 182 1904 villis
198 1874 326 1905 tuendis
339 1875 454 1905 fierent
472 1875 506 1904 in
523 1876 648 1913 guerris
663 1885 718 1905 5011
736 1876 831 1905 etiam
848 1876 1027 1906 cavalcatis.

135 1927 183 1957 De
197 1927 260 1957 hiis
276 1936 404 1967 quoque
428 1937 491 1967 que
516 1929 697 1959 consistunt
712 1930 744 1959 in
758 1930 995 1968 jurisdictione,
1012 1939 1101 1961 mero

97 1980 229 2019 imperio
243 2004 250 2018 ‚
275 1981 437 2019 regalibus
459 1985 553 2020 atque
581 1982 745 2012 similibus
762 1983 935 2020 ,solvetur
957 1984 1098 2020 decima,

96 2033 236 2064 deductis
257 2034 429 2064 moderatis
453 2035 580 2064 salariis
603 2044 664 2074 que
685 2040 758 2065 ante
783 2036 1022 2066 concessionem
1045 2037 1100 2067 de-

96 2086 175 2117 cime
189 2092 426 2117 consueverunt
450 2087 589 2126 persolvi
609 2088 773 2127 judicibus
785 2112 792 2125 ,
809 2089 1001 2119 officialibus
1023 2098 1098 2119 con-

96 2139 318 2179 similibusque
334 2141 496 2179 personis,
516 2141 588 2171 sine
613 2142 732 2180 quibus
752 2142 933 2181 jurisdictio
953 2147 982 2172 et
997 2146 1100 2172 cetera

95 2193 214 2223 similia
234 2198 401 2232 nequeunt
420 2195 577 2232 exerceri3
597 2195 641 2225 ita
664 2200 770 2225 tamen
791 2196 877 2234 quod
898 2196 932 2226 in
955 2196 1098 2225 fraudem
1118 2232 1121 2233 ⁷

96 2247 215 2277 decime
242 2247 346 2277 nichil
369 2248 453 2278 circa
476 2248 537 2278 hoc
563 2248 768 2288 aliquatenus
798 2254 1021 2288 attemptetur,
1045 2249 1099 2279 sed

95 2308 229 2340 expense
242 2301 442 2339 officialium,
451 2302 598 2341 J'udicum
613 2307 643 2332 et
656 2302 876 2332 consimilium
890 2311 1098 2342 personarum

95 2353 174 2384 facte
194 2354 229 2384 in
256 2355 398 2385 vestibus
419 2356 485 2385 sive
509 2356 702 2386 victualibus
719 2357 856 2386 minime
881 2357 1096 2394 deducentur,

94 2406 175 2437 sicut
192 2416 250 2437 nec
265 2407 327 2438 alie
343 2417 480 2447 expense
495 2409 617 2439 similes
633 2409 711 2439 facte
728 2410 811 2440 circa
826 2410 923 2440 aliam
941 2409 1098 2439 familiam

93 2459 298 2500 prelatorum.

131 2513 267 2544 Ratione
285 2517 392 2544 autem
412 2514 475 2544 eris
499 2514 598 2545 alieni
622 2523 684 2554 quo
705 2524 839 2555 persona
865 2515 991 2545 solvens
1011 2515 1098 2545 deci-

94 2574 179 2597 mam
207 2567 346 2606 obligata
375 2568 517 2598 constitit
545 2569 648 2599 nichil
675 2569 714 2599 de
752 2569 877 2599 decima
913 2572 1094 2606 minuetur,

95 2619 190 2650 etiam
212 2621 239 2650 si
256 2625 340 2651 certe
362 2630 412 2651 res
435 2621 649 2652 ecclesiastice
666 2626 793 2661 propter
814 2622 874 2652 1100
895 2631 913 2652 a
935 2630 1096 2661 quoquam

93 2672 213 2704 fuerint
227 2673 376 2713 obligate.

130 2726 212 2758 Item
228 2727 266 2758 de
284 2728 390 2758 furnis
408 2732 439 2759 et
456 2728 653 2759 molendinis
670 2729 795 2759 decima
813 2729 1018 2769 prestabitur.

131 2779 276 2811 Solvetur
305 2786 412 2812 autem
441 2782 564 2812 decima
588 2782 627 2812 de
657 2782 874 2813 oblationibus
888 2807 894 2819 ,
922 2782 991 2812 sive
1018 2781 1097 2811 fiant

92 2839 148 2870 pro
161 2832 385 2864 benedictione
402 2835 605 2872 nubentium,
621 2835 688 2865 sive
705 2844 760 2874 pro
775 2835 938 2874 obsequiis
954 2839 1096 2865 mortuo—

65 2916 68 2923 ,
92 2892 175 2923 rum,
189 2894 313 2916 necnon
331 2887 370 2916 de
386 2887 591 2926 proventibus
606 2887 786 2925 sigillorum
802 2888 996 2927 prelatorum
1012 2892 1043 2918 et
1057 2888 1096 2918 de

93 2937 235 2968 emendis
253 2947 332 2977 quas
350 2940 390 2969 ab
408 2940 691 2970 excommunicatis
709 2940 920 2979 recipiuntur.

122 3055 154 3086 (1)
168 3059 216 3081 Ms.
235 3067 242 3081 .-
259 3058 308 3082 sic.

230 3114 303 3143 Rau.
323 3115 447 3143 Nicoms
466 3115 519 3142 IV.

1226 442 1273 472 De
1293 442 1405 480 legatis
1428 453 1554 483 quoque
1575 446 1634 475 51111
1655 450 1684 475 et
1702 446 1772 476 aliis
1805 448 1947 484 personis
1967 448 2185 479 ecclesiasticis

1185 502 1251 524 non
1270 503 1477 533 personarum
1501 498 1553 527 sed
1571 498 1777 528 ecclesiarum
1797 499 1847 529 vel
1866 500 2043 530 officiorum
2063 503 2185 532 ratione

1185 547 1304 577 relictis
1320 548 1441 579 decima
1458 551 1663 588 persolvetur.

1225 600 1288 630 Pro
1309 600 1430 631 decima
1449 604 1626 642 supradicta
1650 614 1713 635 non
1734 606 1878 644 exigetur
1894 608 2029 645 pecunia
2051 608 2113 638 nisi
2131 609 2186 639 illa

1185 662 1247 692 que
1264 656 1477 685 communiter
1497 662 1602 686 curret
1622 658 1660 687 de
1676 659 1826 689 mandato
1850 660 1972 689 domini
1999 665 2079 691 terre
2095 663 2186 700 cuius

1186 710 1232 735 est
1248 712 1375 737 moneta
1390 709 1423 737 in
1440 708 1517 738 locis
1532 710 1565 738 in
1582 711 1699 748 quibus
1713 713 1885 741 consistent
1902 713 2020 743 fructus
2037 719 2065 743 et
2082 715 2185 744 reddi-

1187 762 1236 788 tus
1253 760 1338 789 unde
1355 761 1476 791 decima
1494 763 1705 801 persolvetur,
1721 773 1779 794 nec
1794 765 1895 803 aliqui
1917 768 2083 805 pecuniam
2104 777 2187 798 cam-

1186 811 1254 841 bire
1270 819 1424 850 cogentur
1441 815 1585 844 eandem.

1226 864 1259 894 Si
1278 874 1314 894 ex
1336 866 1550 902 probabilibus
1571 876 1624 896 seu
1646 869 1873 899 verisimilibus
1896 873 2187 909 presumptionibus

1185 918 1369 955 apparuerit
1381 918 1534 956 aliquem,
1551 921 1688 957 pensatis
1703 922 1770 959 ejus
1784 923 1998 960 proventibus,
2012 925 2118 953 minus
2136 925 2187 954 (10-

1185 969 1251 999 bito
1266 970 1448 1000 notabiliter
1459 971 1497 1000 de
1508 972 1632 1001 decima
1648 973 1848 1011 persolvisse,
1868 975 1909 1003 ita
1926 976 2009 1013 quod
2025 978 2186 1015 superhoc

1186 1023 1300 1052 merito
1323 1028 1486 1062 suspectus
1504 1024 1615 1055 debeat
1634 1027 1790 1064 reputari,
1812 1037 1846 1056 ex
1871 1028 1972 1058 officio
1997 1034 2113 1066 nostro,
2134 1040 2188 1068 per

1185 1076 1270 1105 viros
1286 1076 1427 1115 ydoneos
1450 1077 1647 1115 deputandos
1667 1088 1685 1108 a
1708 1079 1798 1109 nobis
1822 1080 1975 1110 faciemus
2002 1081 2125 1120 inquiri
2149 1083 2188 1112 ab

1185 1127 1250 1157 illis
1271 1130 1325 1167 qui
1343 1138 1438 1168 super
1456 1129 1515 1159 hoc
1532 1130 1611 1159 scire
1629 1130 1755 1160 valeant
1775 1131 1958 1169 veritatem,
1975 1133 2125 1162 videlicet
2149 1134 2188 1163 de

1185 1181 1319 1211 consilio
1333 1182 1492 1212 diocesani
1506 1183 1654 1222 episcopi,
1671 1183 1720 1213 vel
1734 1184 1840 1223 aliquo
1858 1185 2036 1224 deputando
2052 1186 2091 1215 ab
2108 1187 2186 1225 ipso,

1185 1235 1212 1263 si
1234 1234 1276 1264 sit
1294 1235 1363 1273 ejus
1388 1235 1546 1273 subditus,
1571 1240 1600 1266 et
1623 1245 1687 1266 non
1704 1237 1806 1273 aliter,
1829 1238 1855 1267 51
1873 1239 2035 1277 episcopus
2052 1239 2119 1278 ipse
2136 1239 2185 1269 vel

1185 1287 1352 1326 deputatus
1365 1289 1405 1318 ab
1418 1289 1486 1327 ipso
1497 1289 1628 1319 comode
1644 1290 1742 1328 possit
1758 1290 1867 1320 haberi
1882 1302 1888 1328 ;
1907 1296 1936 1321 et
1952 1296 2028 1322 tunc
2043 1292 2186 1330 demum,

1185 1344 1216 1370 et
1239 1349 1302 1370 non
1324 1342 1430 1380 prius,
1453 1342 1507 1371 ille
1530 1343 1620 1381 cujus
1644 1349 1815 1382 proventus
1841 1345 1960 1375 fuerint
1983 1345 2089 1375 taliter
2107 1347 2186 1376 exti—

1184 1395 1279 1431 mati,
1306 1404 1361 1433 pro
1386 1404 1422 1425 eo
1447 1396 1532 1434 quod
1560 1397 1670 1426 minus
1695 1397 1843 1433 solverit,
1873 1398 1968 1428 etiam
1993 1400 2186 1430 nominatim

1185 1449 1525 1486 excommunicabitur,
1545 1451 1571 1480 si
1584 1451 1653 1489 ejus
1664 1452 1866 1481 contumacia
1882 1453 2021 1490 exegerit
2038 1457 2068 1482 et
2083 1453 2186 1483 visum

1184 1502 1280 1531 fuerit
1296 1503 1455 1541 expedire.

1223 1555 1368 1593 Episcopi
1384 1560 1490 1585 autem
1506 1560 1536 1585 et
1551 1556 1680 1586 abbates
1696 1561 1862 1595 cetereque
1877 1566 2009 1596 persone
2025 1558 2187 1588 ecclesias·

1184 1608 1244 1637 tice
1260 1608 1475 1645 honorabiles,
1491 1617 1555 1638 non
1573 1612 1726 1647 suspecte,
1743 1609 1868 1648 proprie
1882 1610 2076 1640 conscientie
2092 1611 2186 1641 relin-

1183 1665 1339 1700 quentur,
1360 1662 1402 1691 ita
1426 1662 1509 1700 quod
1535 1662 1671 1691 sufficiat
1696 1662 1798 1701 quoad
1825 1662 1902 1692 tales
1927 1664 2184 1693 excommunica-

1184 1715 1279 1745 tionis
1296 1716 1453 1745 sententia
1470 1716 1577 1754 quein
1596 1716 1684 1746 nullo
1700 1716 1793 1746 modo
1811 1716 1968 1746 solventes
1983 1717 2032 1747 vel
2052 1718 2187 1748 scienter

1184 1769 1371 1799 adhibentes
1397 1769 1541 1799 fraudem
1570 1769 1619 1799 vel
1643 1769 1800 1799 malitiam
1827 1770 1912 1799 circa
1937 1770 2039 1808 ipsius
2064 1771 2186 1802 decime

1184 1822 1375 1852 solutionem
1392 1823 1586 1860 generaliter
1599 1823 1788 1861 proferetur.

1224 1875 1326 1914 Super
1342 1875 1405 1905 hiis
1423 1880 1529 1905 autom
1552 1876 1607 1905 fiet
1627 1875 1802 1914 compulsio
1822 1885 1878 1915 per
1898 1885 2065 1906 censuram
2086 1877 2186 1907 eccle-

1184 1929 1359 1965 siasticam,
1383 1933 1474 1967 prout
1500 1929 1590 1959 nobis
1615 1934 1645 1959 et
1669 1929 1717 1958 illi
1735 1929 1787 1959 cui
1806 1930 2072 1959 committendum
2089 1930 2187 1960 duxe-

1183 1982 1285 2011 rimus
1309 1982 1414 2011 visum
1435 1982 1531 2011 fuerit
1555 1982 1717 2021 expedire.
1742 1982 1925 2012 Protei-etur
1941 1987 2059 2019 autem,
2086 1984 2111 2012 si
2133 1992 2187 2012 ex-

1182 2035 1313 2074 pediens
1338 2035 1437 2065 fuerit
1457 2036 1582 2073 visum,
1606 2035 1896 2066 excommunicatio
1922 2036 2113 2073 generaliter
2138 2035 2187 2065 vel

1183 2090 1358 2129 spetialiter
1372 2091 1406 2120 in
1425 2100 1478 2121 eos
1492 2092 1547 2130 qui
1564 2096 1673 2121 contra
1690 2091 1883 2121 solutionem
1902 2091 2024 2121 decime
2042 2091 2092 2121 vel
2110 2100 2184 2122 suo-

1182 2153 1255 2174 rum
1279 2144 1520 2174 extimationem
1541 2149 1774 2183 proventuum,
1801 2153 1875 2174 cum
1899 2144 1995 2174 fuerit
2021 2144 2183 2181 facienda,

1182 2198 1327 2228 fraudem
1347 2197 1397 2227 vel
1416 2197 1573 2227 malitiam
1589 2197 1727 2228 scienter
1739 2197 1889 2227 duxerint
1901 2197 2127 2227 adhibendam.

1222 2251 1340 2282 Nullus
1361 2255 1467 2281 autem
1488 2260 1552 2281 non
1573 2251 1767 2281 solventium
1791 2250 1999 2289 compelletur
2018 2259 2074 2289 per
2096 2259 2186 2279 secu-

1181 2305 1258 2335 laris
1275 2305 1460 2335 violentiam
1476 2305 1651 2344 potestatiS,
1666 2304 1730 2333 nisi
1746 2304 1845 2343 ipsius
1862 2312 1926 2334 non
1945 2303 2097 2334 solventis
2111 2311 2186 2332 con-

1183 2360 1321 2388 tumacia
1342 2358 1393 2388 vel
1419 2358 1552 2388 rebellio
1576 2357 1646 2387 talis
1666 2361 1720 2387 aut
1746 2361 1830 2387 tanta
1854 2357 1950 2387 suerit
1972 2356 2055 2395 quod
2071 2355 2184 2385 merito

1181 2417 1291 2442 contra
1313 2412 1435 2451 ipsum,
1460 2411 1542 2441 sicut
1565 2411 1655 2440 fieret
1674 2411 1708 2440 in
1727 2410 1797 2440 aliis
1815 2410 1940 2440 casibus
1958 2419 2012 2439 seu
2032 2408 2181 2446 negotiis,

1180 2470 1306 2504 propter
1327 2465 1538 2494 ecclesiastice
1563 2472 1697 2494 censure
1719 2467 1952 2501 contemptum,
1969 2461 2111 2491 invocari
2126 2461 2182 2490 de·

1179 2519 1252 2549 beat
1266 2518 1426 2548 auxilium
1441 2518 1564 2548 brachii
1580 2517 1743 2547 secularis.

1221 2572 1290 2601 Fiet
1315 2576 1422 2601 autem
1449 2571 1564 2601 solutio
1592 2571 1715 2600 decime
1746 2578 1808 2599 non
1838 2569 1873 2598 in
1897 2569 1975 2607 ipsis
2001 2568 2095 2597 rebus
2122 2576 2184 2605 que

1178 2625 1398 2664 percipiuntur
1413 2624 1451 2653 de
1466 2624 1682 2662 proventibus,
1698 2623 1752 2652 sed
1768 2623 1802 2652 in
1819 2622 1953 2660 pecunia
1970 2624 2150 2650 numerata.

1219 2677 1365 2708 Solvetur
1379 2681 1486 2706 autem
1502 2677 1625 2706 decima
1641 2676 1707 2705 illis
1724 2675 1868 2714 personis
1885 2683 1963 2713 quas
1982 2673 2022 2703 ad
2035 2673 2094 2703 1100
2109 2681 2182 2703 con—

1179 2731 1288 2770 tigerit
1303 2730 1458 2768 deputari.

1218 2784 1332 2813 300101
1349 2782 1556 2821 parrochialis
1573 2781 1717 2816 ecclesie,
1741 2780 1812 2818 qui,
1836 2782 1968 2817 urgente
1992 2778 2183 2808 necessitate

1177 2845 1252 2867 cure
1273 2835 1403 2865 ecclesie
1420 2844 1487 2871 sue,
1505 2839 1578 2873 puta
1600 2833 1683 2872 quod
1702 2833 1770 2871 ipse
1786 2831 1956 2862 residendo
1972 2830 2184 2870 personaliter

1178 2889 1212 2919 in
1233 2888 1343 2918 eadem
1358 2897 1413 2926 per
1433 2896 1465 2917 se
1488 2895 1551 2917 nou
1570 2886 1688 2916 sufficit
1708 2885 1768 2924 ipsi
1785 2893 1876 2922 cure,
1893 2888 2018 2923 propter
2035 2882 2183 2913 multitu-

1178 2942 1286 2972 dinem
1310 2940 1594 2980 parrochianorum
1616 2938 1666 2968 vel
1688 2938 1894 2968 diffusionem
1919 2937 2086 2976 parrochie
2109 2945 2182 2972 sue,

1178 2995 1233 3025 sed
1251 3002 1378 3024 necesse
1394 2993 1488 3023 habet
1507 3001 1621 3029 unum,
1636 2991 1686 3022 vel
1701 2991 1791 3028 duos,
1809 3000 1866 3021 seu
1883 2990 1989 3029 plures
2004 2989 2183 3028 capellanos

1177 3047 1366 3083 conducere,
1384 3050 1414 3076 et
1432 3046 1489 3083 eis,
1507 3048 1632 3084 propter
1652 3045 1784 3082 victum,
1801 3043 1953 3073 salarium
1975 3042 2180 3078 constituere,

2008 3109 2041 3136 32
