2342 3652
893 366 1113 406 PREMIE'JRE
1130 368 1287 407 ANNEE.
1390 417 1393 419 ι
2096 383 2133 413 89

123 447 210 475 463
379 444 734 478 Sainte-Marie-Majeure‚
752 444 767 470 9
782 443 884 469 fevi-ier
900 442 977 469 1989.

89 509 193 536 Abbati
216 508 381 535 monasterii
396 507 492 533 Sancti
511 506 633 540 Remigii
653 505 805 532 Remensis
820 505 932 531 licentia
947 512 1044 530 conce-

54 559 129 586 ditur
144 557 338 585 committendi
355 556 501 583 monacbis
522 556 613 591 ipsius
629 553 790 581 monasterii
806 555 973 588 potestatem
989 552 1048 578 dis-

54 607 192 643 pensandi
215 610 243 632 ot
263 606 438 633 absolvendi.
464 605 545 637 (Rea.
570 605 617 638 44,
636 612 661 630 c.
683 603 746 636 c297,
764 602 782 628 f.
804 601 836 628 68
861 607 906 633 νος
930 600 995 627 ΕΜ».
1012 610 1047 628 nu

53 656 150 686 Tuan..
168 655 190 686 Ι,
211 655 280 687 131.)

95 766 115 773 ..
139 745 237 773 abbati
265 744 443 771 rnaeinasterii
464 741 567 771 Sancti
588 741 713 777 Remigii
734 738 904 774 blemensis,
928 739 1047 768 ordinis

54 797 156 826 Sancti
173 797 331 825 Benedicti.
352 795 431 824 Cum
447 793 625 824 Alexander
639 801 717 831 papa
732 792 797 821 IIII
814 814 833 820 ..
849 791 954 821 abbati
971 792 1045 821 dicti

53 849 239 879 monasterii
262 857 296 877 ac
316 847 547 877 successoribus
565 847 631 884 eJus
653 844 831 874 facultatem
853 845 1046 874 concesserit

55 901 261 940 dispensandi
278 910 351 929 cum
371 901 511 939 ejusdem
531 898 713 928 monasterii
736 897 867 935 ejusque
887 898 1046 927 membro-

54 962 126 983 rum
135 953 310 984 monachis.
321 954 382 982 hiis
391 953 512 982 casibus
523 951 655 989 exceptis
665 949 880 988 superquibus
891 950 924 978 in
936 950 1045 987 regula

56 1007 306 1046 estdispensatio
323 1006 498 1043 interdicta,
508 1013 600 1043 super
612 1003 827 1034 observatione
844 1007 1042 1040 statutorum⁷

55 1069 89 1090 ac
115 1068 166 1090 eos
195 1059 379 1089 absolvendi
401 1059 439 1088 ab
460 1057 632 1091 interdicti,
651 1056 884 1094 suspensionis,
907 1066 960 1086 seu
988 1066 1042 1086 ex-

55 1113 355 1143 communicationis
373 1111 508 1148 vinculo,
525 1119 586 1149 quo
601 1110 684 1148 ipsos
699 1110 738 1139 ob
756 1111 1043 1148 transgressionem

56 1168 305 1205 praemissorum
327 1169 509 1196 statutorum
524 1164 643 1194 involvi
660 1163 873 1201 contingeret,
894 1164 1044 1202 idemque

53 1220 258 1259 privilegium
277 1219 468 1250 confirmarit
484 1216 634 1247 Nicolaus
659 1225 737 1255 papa
761 1217 844 1252 1111,
872 1217 925 1247 hic
950 1226 1043 1256 prae-

56 1273 200 1303 sentibus
223 1273 334 1303 litteris
355 1271 497 1309 indulget
519 1274 553 1300 ut
575 1270 670 1300 abbas
692 1270 835 1308 ejusdem
856 1272 1043 1300 monasterii

56 1329 85 1356 et
109 1334 301 1356 successores
323 1325 389 1363 ejus
409 1324 563 1363 aliquibus
589 1324 731 1362 personis
754 1324 830 1354 dicti
858 1325 1043 1354 monasterii

56 1379 252 1409 committere
271 1378 389 1417 possint
409 1378 491 1407 vices
511 1385 581 1407 suas
595 1377 629 1406 in
649 1377 888 1415 dispensatione
907 1381 936 1407 et
951 1379 1043 1408 abso-

54 1431 175 1461 lutione
190 1431 364 1470 praedictis.

97 1496 110 1510 a
130 1484 207 1513 Tuis
227 1483 343 1513 devotis
359 1482 670 1522 supplicationibus...
694 1501 731 1505 —
753 1484 824 1514 Dat.
843 1484 944 1514 Rome
961 1486 1043 1523 apud

57 1536 202 1566 Sanctam
215 1536 344 1566 Mariam
359 1536 519 1575 Majorem,
530 1536 622 1566 vidus
632 1536 796 1574 februarii,
806 1546 892 1567 anno
902 1538 1014 1577 primo.
1027 1551 1041 1565 »

124 1681 209 1709 464

88 1743 190 1770 Abbati
206 1743 364 1769 monasterii
380 1742 475 1769 Sancti
489 1742 615 1778 Remigii
626 1743 782 1771 Remensis
792 1745 955 1772 facultatem
972 1755 1043 1773 con-

55 1791 127 1818 oedit
141 1791 321 1826 dispensandi
341 1795 368 1818 et
389 1792 563 1819 absolvendi.
588 1792 670 1825 (Rea.
695 1793 742 1824 44,
766 1802 790 1820 c,
807 1793 874 1825 298.
892 1794 910 1820 s.
936 1795 969 1822 68
993 1803 1039 1827 v0;

53 1838 118 1866 Lu.
137 1848 171 1866 nu
184 1838 278 1872 Tium,
295 1839 318 1873 Ι,
336 1840 408 1873 133.)

345 1680 699 1716 Sainte-Marie-Majeui·e,
718 1682 750 1709 28
762 1683 876 1716 janvier
893 1683 970 1710 1289.

91 1928 193 1956 Eidem
206 1951 213 1964 ,
231 1927 269 1957 ad
287 1928 384 1958 instar
402 1929 573 1959 Alexandri
590 1930 674 1967 1111,
692 1931 834 1961 concedit
854 1935 889 1961 ut
907 1933 974 1972 ipse
989 1934 1041 1963 ab·

54 1979 108 2009 bas
131 1983 160 2009 et
183 1989 370 2011 successores
391 1982 476 2021 ejus,
497 1992 590 2021 super
607 1984 828 2015 observatione
850 1989 1040 2017 statutorum

53 2041 133 2072 quae
154 2033 192 2063 de
217 2033 389 2064 substantia
411 2035 537 2073 regulae
560 2037 680 2067 ordinis
706 2046 770 2068 non
793 2039 947 2076 existant,
968 2049 1041 2070 cum

52 2086 236 2116 monasterii
252 2087 301 2117 sui
313 2088 440 2127 ejusque
456 2090 670 2120 membrorum
686 2092 852 2122 monachis
869 2094 1041 2131 praesenti-

52 2138 111 2168 bus
127 2142 157 2168 et
171 2139 284 2169 suturis
299 2141 475 2180 dispensare
497 2143 615 2182 possint
630 2168 636 2180 ‚
654 2144 718 2174 hiis
734 2145 861 2175 casibus
878 2146 1042 2177 dumtaxat

52 2192 189 2230 exceptis
210 2201 301 2232 super
317 2194 428 2233 quibus
451 2195 485 2225 in
511 2196 621 2227 eadem
646 2198 757 2236 regula
781 2203 827 2229 est
849 2199 1041 2238 dispensatio

52 2244 236 2283 interdicta,
253 2254 364 2286 eosque
383 2248 540 2280 absolvere
561 2251 600 2281 ab
621 2251 802 2289 interdicti,
823 2248 1041 2292 suspensionis

52 2306 107 2327 seu
124 2300 455 2332 excommunicationis
468 2303 609 2340 vinculo,
630 2314 691 2344 quo
709 2306 793 2345 ipsos
809 2307 849 2337 ob
866 2311 1039 2346 transgres-

52 2349 173 2380 sionem
200 2352 442 2389 praemissorum
464 2359 647 2387 statutorum
678 2358 800 2389 involvi
832 2361 965 2399 contigit
990 2362 1040 2391 vel

51 2403 221 2442 continget.

95 2468 107 2482 ι
124 2456 167 2486 Ex
185 2461 270 2495 parte
285 2462 372 2488 tua...
389 2476 427 2482 —
441 2461 510 2491 Dat.
528 2462 625 2493 Rome
641 2464 722 2503 apud
739 2465 888 2496 Sanctam
903 2467 1038 2497 Mariam

51 2509 215 2548 Majorem,
233 2520 252 2540 v
268 2511 418 2542 kalendas
436 2513 593 2553 februarii,
610 2526 694 2548 anno
709 2519 823 2557 primo.

117 2669 204 2697 465

83 2729 212 2757 Facultas
236 2733 410 2767 percipiendi
431 2734 563 2763 decimas.
587 2737 667 2770 (Rea.
691 2741 740 2772 44,
762 2749 787 2768 c.
809 2742 875 2774 299,
899 2742 917 2768 f·
943 2743 1036 2776 691'⁰;

49 2777 114 2806 LA».
130 2788 165 2806 nu
180 2779 277 2812 Tam,
294 2781 322 2813 Ι,
342 2782 411 2815 128.)

371 2671 721 2711 Sainte-Marie-Majeure,
739 2678 754 2705 3
769 2679 872 2706 fevricr
888 2681 965 2708 1289.

87 2896 106 2903 ..
125 2876 223 2904 abbati
238 2881 264 2905 et
279 2879 440 2908 conventui
458 2883 632 2911 monasterii
646 2883 748 2914 Sancti
765 2887 894 2925 Remiyii
913 2890 1038 2918 Remen-

47 2928 97 2963 εἰς,
118 2928 236 2957 ordinis
257 2929 360 2960 Sancti
387 2931 546 2962 Benedicti.
568 2934 748 2968 Devotionis
767 2944 870 2970 vestre
890 2942 1038 2979 precibus

45 2978 221 3018 benignum
240 2982 460 3021 impartientes
474 2987 651 3025 assensum,
667 2993 849 3024 auctoritate
865 2994 954 3025 vobis
970 3004 1036 3034 pre-

46 3033 184 3063 sentium
200 3035 404 3073 indulgemus
421 3042 454 3067 ut
472 3038 506 3068 in
526 3041 700 3078 parrochiis
715 3044 780 3075 illis
796 3047 828 3076 in
846 3048 962 3086 quibus
982 3058 1036 3078 ve-

183 3098 254 3127 Rse.
277 3100 398 3129 Nicone
418 3102 470 3131 IV.

1133 446 1213 472 teres
1230 444 1368 474 decimas
1386 446 1470 484 juste
1491 446 1661 485 percipitis,
1681 446 1844 476 novalium
1862 456 1986 487 quoque
2002 448 2040 478 de
2058 450 2131 487 qui-

1130 495 1189 524 bus
1205 495 1322 535 aliquis
1345 497 1498 528 hactenus
1518 508 1581 529 non
1603 500 1758 538 percepit,
1782 508 1837 538 pro
1857 510 1892 530 ea
1911 501 2053 539 portione
2072 511 2133 540 qua

1131 552 1251 578 veteres
1273 559 1326 579 vos
1346 552 1640 591 continguntjuxta
1655 553 1918 584 constitutionem
1941 559 1970 584 et
1992 554 2133 585 declara-

1132 601 1250 632 tionem
1265 612 1283 631 a
1299 603 1400 633 felicis
1418 605 1648 636 recordationis
1667 606 1850 636 Alexandro
1869 616 1948 646 papa
1966 608 2049 644 1111,
2066 617 2134 648 pre-

1130 655 1293 686 decessore
1316 662 1439 695 nostro,
1459 668 1553 697 super
1574 659 1632 689 hoc
1649 660 1758 696 editis,
1782 660 1880 690 libere
1898 661 2059 699 percipere
2075 670 2132 691 va-

1130 709 1180 738 tis.
1200 710 1291 739 Nulli
1315 719 1389 748 ergo
1412 716 1482 747 etc..
1502 717 1607 742 nostre
1625 714 1837 743 concessionis
1854 718 1911 743 etc.
1932 714 2004 743 Dat.
2030 714 2131 744 Rome

1129 763 1212 800 apud
1238 763 1386 793 Sanctam
1413 765 1547 795 Mariam
1577 767 1746 805 Majorem,
1773 777 1808 796 111
1835 776 1936 797 nouas
1958 768 2129 803 februarii,

1128 824 1213 845 anuo
1228 817 1340 854 primo.
1363 829 1374 844 »

1196 975 1284 1013 <¹3⁴3

1162 1037 1294 1064 Facultas
1310 1038 1485 1073 percipiendi
1499 1039 1635 1065 decimas.
1654 1039 1737 1072 (Iino.
1755 1040 1797 1072 44,
1815 1049 1840 1066 c.
1859 1041 1918 1071 300,
1937 1042 1954 1067 f.
1973 1042 2005 1068 69
2022 1042 2067 1074 νῦ.)

1436 975 1796 1012 Sainte-Marie-lllajeure,
1816 979 1847 1004 10
1863 979 1966 1005 fevi-ier
1984 979 2060 1006 1589.

1166 1127 1285 1156 Dilectis
1302 1127 1379 1163 filiis
1397 1150 1416 1156 ..
1436 1128 1535 1156 abbati
1551 1133 1577 1156 et
1593 1130 1754 1157 conventui
1772 1130 1951 1158 monasterii
1969 1130 2130 1167 Corbeyen-

1125 1181 1178 1217 sis,
1196 1181 1235 1209 [id
1250 1190 1410 1210 romanam
1425 1182 1576 1210 ewlesiani
1588 1183 1673 1211 nullo
1693 1183 1787 1211 medio
1799 1184 1992 1220 pertinentis,
2011 1184 2128 1213 aretinis

1125 1234 1230 1263 Sancti
1248 1234 1407 1271 Benedicti,
1426 1235 1636 1264 Ambianensis
1651 1236 1783 1265 diocesis.

1168 1299 1181 1313 <x
1199 1287 1385 1317 Devotionis
1401 1292 1503 1317 vestre
1523 1289 1669 1326 precibus
1687 1293 1744 1319 etc.
1764 1293 1795 1318 ut
1814 1298 1908 1328 supra
1925 1299 2034 1328 usque.
2056 1290 2127 1319 Dat.

1126 1340 1257 1377 ibidem,
1277 1350 1323 1370 1111
1341 1341 1412 1371 idus
1428 1341 1592 1378 februarii,
1609 1351 1695 1371 anuo
1711 1343 1824 1380 primo.
1847 1355 1859 1369 n

1196 1499 1281 1527 46?

1162 1562 1346 1597 Dispensatio
1363 1563 1515 1589 solutionis
1531 1563 1702 1590 debitorum.
1720 1563 1802 1597 (Rae.
1822 1564 1864 1595 44,
1882 1572 1907 1590 c.
1925 1564 1985 1598 301,
2003 1565 2021 1591 f.
2038 1565 2070 1592 69
2087 1571 2127 1597 1·⁰;

1126 1610 1192 1637 LAp.
1210 1620 1244 1638 nu
1260 1611 1358 1642 Tuam,
1376 1611 1402 1643 Ι,
1422 1611 1494 1644 135.)

1434 1500 1794 1535 Satnte-Ma1·io—Maj0111·e,
1813 1502 1844 1527 10
1860 1502 1963 1528 sevrier
1982 1502 2057 1530 1389.

1166 1701 1282 1729 Eisdem
1298 1700 1489 1737 indulgetur.
1501 1709 1563 1730 non
1581 1705 1748 1730 teneantur
1762 1701 1801 1730 ad
1818 1701 2009 1731 solutionem
2024 1701 2128 1731 alicu-

1122 1753 1175 1791 jus
1191 1753 1289 1783 debiti
1307 1754 1458 1783 contracti
1477 1753 1526 1783 vel
1543 1754 1765 1790 contrahendi,
1781 1754 1845 1783 nisi
1861 1754 1892 1783 id
1906 1755 1940 1783 in
1958 1754 2128 1784 utilitatem

1125 1807 1225 1847 ipsius
1241 1807 1429 1837 monasterii
1445 1816 1635 1837 conversum
1653 1807 1748 1837 fuisse
1765 1806 1909 1845 legitime
1924 1808 2130 1846 probaverint

1124 1860 1307 1890 creditores.

1166 1926 1179 1940 «
1202 1913 1433 1952 Indempnitati
1449 1918 1551 1943 vestre
1567 1922 1639 1943 ac...
1657 1930 1691 1934 —
1713 1914 1783 1942 Dat.
1808 1914 1910 1943 Rome
1928 1914 2011 1952 apud
2027 1914 2126 1943 Sauc-

1124 1972 1185 1997 tam
1206 1968 1340 1997 Mariam
1357 1968 1527 2005 Maj0rem,
1546 1977 1590 1996 1111
1608 1967 1680 1996 idus
1696 1967 1859 2002 februarii,
1880 1976 1965 1997 anuo
1982 1967 2095 2006 primo.
2112 1978 2125 1993 n

1193 2121 1281 2149 468
1317 2133 1324 2147 ι

1157 2182 1364 2217 Indulgentiae.
1379 2182 1460 2215 (Rea.
1474 2183 1516 2214 44,
1530 2192 1554 2209 c.
1571 2183 1630 2216 302,
1643 2183 1662 2209 f.
1676 2182 1762 2215 691·⁰;
1781 2182 1847 2209 LAP.
1862 2191 1897 2209 nu
1908 2182 2006 2215 Tuam,
2016 2182 2037 2209 l.
2056 2182 2126 2215 136.)

1449 2119 1808 2154 Sainte-Maric-Majeure,
1826 2120 1841 2146 9
1858 2120 1960 2146 fevrier
1977 2120 2054 2147 1289.

1162 2273 1293 2301 Eisdem.
1311 2271 1551 2309 Indulgentiam
1568 2272 1713 2301 concedit
1736 2271 1831 2301 unius
1846 2272 1924 2300 anni
1943 2276 1972 2301 et
1988 2271 2125 2309 quadra-

1122 2325 1210 2363 ginta
1226 2325 1350 2355 dierum
1367 2325 1517 2354 omnibus
1528 2334 1601 2354 vere
1614 2324 1847 2362 poenitentibus
1864 2328 1893 2354 et
1909 2323 2059 2354 confessis
2070 2324 2124 2362 qui

1122 2378 1288 2408 ecclesiam
1299 2378 1483 2408 monasterii
1499 2377 1723 2416 Corbeyensis,
1738 2378 1796 2407 sub
1807 2377 1960 2416 principis
1971 2376 2125 2416 apostolo-

1122 2442 1195 2462 rum
1209 2431 1360 2462 vocabulo
1377 2435 1590 2462 constructam
1601 2455 1608 2469 ,
1623 2432 1657 2461 in
1678 2431 1778 2470 ipsius
1795 2431 1950 2470 principis
1971 2435 2000 2460 et
2015 2431 2124 2460 beatae

1122 2486 1242 2516 Mariae
1256 2486 1391 2523 virginis
1407 2485 1656 2523 Assumptionis,
1675 2485 1872 2522 Nativitatis,
1887 2484 2123 2514 Purificationis

1102 2549 1156 2570 .ac
1173 2540 1438 2569 Annuntiationis
1454 2539 1553 2575 festis,
1572 2548 1671 2577 usque
1683 2539 1722 2567 ad
1738 2542 1806 2568 octo
1822 2538 1889 2567 dies
1900 2539 1977 2567 festa
1990 2538 2059 2576 ipsa
2075 2546 2122 2566 se-

1120 2596 1269 2631 quentes,
1288 2591 1383 2622 annis
1397 2591 1534 2629 singulis
1547 2614 1554 2627 ,
1573 2591 1683 2620 devote
1700 2591 1909 2620 visitaverint.

1135 2644 1137 2646 ’
1161 2655 1176 2675 <(
1193 2646 1278 2675 Ante
1295 2645 1447 2675 thronum
1461 2644 1608 2674 divine...
1626 2661 1664 2665 —
1678 2645 1747 2673 Dat.
1764 2645 1865 2673 Rome
1877 2643 1960 2681 apud
1975 2643 2122 2672 Sanctam

1120 2699 1257 2728 Mariam
1275 2698 1443 2736 Majorem,
1460 2707 1479 2726 v
1495 2697 1567 2726 idus
1584 2697 1751 2732 februarii,
1771 2705 1856 2726 anno
1872 2696 1984 2735 primo.
1997 2708 2021 2725 ..n

1189 2844 1276 2872 469
1426 2841 1782 2875 sainte-Maric—Mnjcure,
1801 2841 1838 2867 1*Ἰ
1852 2841 1955 2867 sevrier
1974 2841 2050 2868 1289.

1154 2905 1304 2940 Exemptio
1321 2905 1543 2940 jurisdictionis.
1561 2903 1641 2935 (Huc.
1660 2904 1709 2934 44,
1729 2911 1753 2930 c.
1772 2903 1836 2935 303,
1853 2903 1871 2930 f.
1889 2903 1922 2930 69
1939 2910 1980 2934 νος
1999 2902 2065 2929 LAr.
2087 2912 2120 2930 nu

1119 2957 1216 2987 Tuan„
1234 2955 1257 2987 I,
1276 2955 1347 2987 138.)

1160 3046 1290 3081 Eisdem,
1307 3043 1346 3073 ad
1361 3043 1461 3072 instar
1478 3041 1613 3072 Honorii
1632 3041 1692 3078 ΙΙΙ,
1709 3040 1853 3070 coneedit
1868 3044 1903 3070 ut
1918 3048 2012 3079 super
2026 3040 2119 3069 rebus

1937 3105 1966 3132 1⁵2
