2342 3652
914 361 1140 400 DEUXIEME
1162 359 1318 399 ANNnE.
2103 372 2159 401 229

147 439 262 469 1069
688 438 779 471 Rieti,
796 437 829 464 ²2⁵2
846 438 910 472 juin
929 435 1005 463 1289.

111 503 153 530 De
172 503 281 529 decima
302 501 439 528 ecclesiae
456 500 625 527 Valentinae
648 500 752 526 debita.
780 499 862 532 (Rae.
891 500 941 530 44,
963 507 988 525 c.
1014 498 1075 529 309,

77 553 96 580 f.
114 552 161 579 174
177 557 219 584 1·⁰;
236 551 303 577 [ΑΡ.
322 559 357 577 nu
371 550 471 584 Tnnrc,
487 549 525 580 Π,
543 549 615 581 180.)

121 653 284 683 Venerabili
296 653 391 689 fratri
409 674 429 682 ..
447 652 668 688 archiepiscopo
687 651 857 679 Viennensi.
875 662 887 676 ι(
908 650 972 679 Sua
988 649 1079 679 nobis

78 705 265 738 venerabilis
280 705 376 734 frater
390 709 497 734 noster
509 704 686 738 Johannes‚
701 703 892 732 Valentinus
906 707 935 731 et
949 702 1080 731 Diensis

79 760 251 800 episcopus,
265 757 416 796 petitione
428 756 618 786 monstravit
629 756 713 794 quod
727 755 888 793 quondam
901 754 1078 790 Wille1m0‚

80 817 154 844 tunc
177 815 377 851 procuratore
398 810 529 839 ecclesie
545 808 729 845 Valentiue,
754 808 957 846 significante
980 807 1081 837 felicis

77 865 303 897 recordationis
325 863 478 901 Gregorio
494 872 572 902 pape
590 862 687 892 VIlH
703 887 709 900 ,
727 861 941 901 predecessori
961 865 1079 897 nostro,

78 919 159 960 quod
168 917 319 948 nonnulli
333 917 406 947 laici
420 917 557 946 civitatis
573 920 602 945 et
615 915 750 946 diocesis
762 914 944 952 Valentino,
958 914 1082 943 anima-

77 981 149 1003 rum
180 971 275 1001 saluti
303 969 489 1009 temporalia
519 969 650 999 comoda
671 969 866 1007 preferentes
881 993 886 1004 ,
920 968 1078 1003 decimas,

79 1034 155 1065 quas
169 1025 204 1054 in
219 1025 351 1062 signum
368 1023 560 1054 universalis
577 1022 713 1052 dominii
729 1022 790 1052 sibi
806 1021 965 1051 Dominus
983 1030 1081 1050 reser-

78 1079 177 1116 vavit,
193 1077 336 1108 ecclesiis
354 1077 477 1106 debitas
494 1077 618 1114 integre
639 1084 703 1105 non
722 1075 898 1110 solvebant,
917 1078 946 1104 et
962 1074 1082 1112 pretato

79 1131 292 1173 predecessori
310 1129 477 1160 humiliter
493 1129 682 1168 supplicavit
694 1132 741 1166 ut,
761 1137 834 1158 cum
851 1128 937 1157 idem
956 1127 1083 1156 Willel-

63 1186 150 1216 'mus
165 1187 354 1224 proponeret
374 1183 553 1213 detentores
573 1182 759 1221 hujusmodi
782 1182 979 1212 decimarum
995 1189 1081 1210 com-

79 1238 237 1279 pellentur
250 1238 290 1268 ad
303 1237 494 1268 solutionem
508 1236 647 1266 debitam
665 1236 862 1272 earumdem,
879 1235 1083 1264 medietatem

78 1292 275 1324 decimarum
282 1292 425 1330 ipsarum
435 1290 538 1320 eidem
547 1289 744 1329 procuratori
751 1292 781 1319 et
790 1288 1026 1319 successoribus
1035 1288 1044 1316 i
1048 1297 1082 1326 p-

81 1346 144 1377 sius
156 1344 329 1375 concedere
344 1344 551 1381 dignaretur,
564 1342 667 1373 dictus
684 1342 887 1381 predecessor
899 1341 1084 1371 earumdem

38 1432 43 1436 ,
81 1399 276 1430 decimarum
301 1397 504 1428 medietatem
525 1397 607 1426 dicto
628 1396 825 1435 procuratori
847 1400 878 1425 et
895 1394 1085 1425 successori-

81 1452 139 1483 hus
157 1452 222 1482 suis
237 1451 275 1481 de
291 1450 414 1490 spetiali
437 1450 539 1488 gratia
555 1459 610 1489 per
626 1449 746 1479 litteras
765 1458 837 1479 suas
853 1449 1018 1487 concessit,
1036 1456 1087 1477 ec-

82 1505 185 1536 clesiis
216 1505 332 1543 quibus
365 1504 489 1533 decime
522 1503 662 1542 predicte
694 1502 852 1532 debentur
884 1501 1088 1531 medietatem

83 1558 238 1598 reliquam
254 1557 457 1596 percepturis.
484 1557 605 1585 Verum
629 1555 763 1594 predicti
785 1554 858 1584 laici
881 1555 1016 1593 prefatas
1033 1553 1088 1583 de-

82 1611 181 1642 cimas
199 1610 321 1641 solvere
337 1610 479 1640 indebite
490 1609 753 1639 contradixerunt
768 1608 924 1638 hactenus
940 1612 970 1637 et
984 1607 1090 1637 adhuc

85 1665 179 1695 etiam
200 1664 435 1700 contradicunt,
460 1667 639 1693 asserentes
664 1671 697 1692 se
729 1662 801 1692 illas
830 1661 919 1691 nullo
946 1670 1090 1700 uuquam

86 1723 225 1757 tempore
240 1717 443 1756 persolvisse,
460 1721 587 1756 propter
602 1716 686 1755 quod
700 1715 785 1745 dicta
801 1715 974 1745 Valentiua
990 1714 1091 1744 eccle-

85 1771 132 1802 sia
148 1770 275 1801 nullum
291 1780 327 1800 ex
346 1771 427 1800 facta
442 1770 502 1799 sibi
520 1779 573 1808 per
588 1769 769 1808 predictum
785 1768 1041 1807 predecessorem
1056 1767 1091 1796 in

87 1825 145 1855 hac
175 1829 261 1864 parte
290 1824 392 1862 gratia
425 1823 596 1853 comodum
631 1822 813 1862 reportavit.
851 1822 956 1858 Quare
989 1821 1093 1850 dictus

87 1879 248 1917 episcopus
268 1877 360 1907 nobis
377 1876 543 1907 humiliter
559 1875 749 1914 supplicavit
764 1879 799 1905 ut
817 1875 983 1914 providere
999 1883 1094 1913 super

87 1931 145 1962 hoc
160 1931 220 1961 sibi
242 1936 273 1961 et
290 1931 395 1961 eidem
417 1930 550 1960 ecclesie
576 1934 708 1968 paterna
731 1928 947 1959 sollicitudine
965 1937 1094 1958 curare-

87 1994 169 2015 mus.
197 1985 353 2021 Quocirca
385 1983 576 2013 fraternitati
609 1987 660 2012 tue
690 1991 745 2021 per
776 1981 947 2021 apostolica
979 1981 1095 2019 scripta

89 2037 278 2068 mandamus
296 2041 454 2076 qnatenus
478 2036 614 2074 prefatos
635 2035 813 2065 detentores
829 2035 1026 2064 decimarum
1045 2034 1094 2072 ip-

88 2100 213 2128 sarum,
239 2090 427 2130 hujusmodi
451 2098 561 2119 eorum
587 2088 839 2119 contradictione
860 2097 896 2118 ac
919 2087 1095 2117 assertione

89 2153 290 2183 nequaquam
322 2143 523 2174 obstantibus
538 2167 544 2180 ,
573 2143 613 2172 ad
640 2142 830 2172 solvendum
854 2142 990 2179 integre,
1005 2142 1095 2180 juxta

89 2197 299 2236 predictarum
316 2197 495 2226 litterarum
515 2201 668 2232 tenorem,
687 2195 814 2225 easdem
832 2195 984 2231 decimas,
1002 2199 1036 2224 ut
1054 2198 1095 2224 te·
1118 2232 1121 2234 Ι

55 2253 59 2256 ’
90 2256 223 2287 nentur,
242 2250 420 2281 monitione
442 2250 618 2289 premissa,
639 2258 693 2288 per
712 2258 879 2279 censuram
902 2248 1095 2278 ecclesiasti-

91 2312 158 2334 cam
174 2328 180 2341 ,
197 2303 409 2343 appellatione
423 2307 560 2339 remota,
578 2302 760 2341 compellas.
782 2302 852 2332 Dat.
873 2302 986 2338 Reate,
1006 2311 1022 2331 x
1040 2301 1096 2331 ka-

92 2357 199 2387 lendas
213 2356 298 2396 julii,
317 2365 404 2386 anno
422 2356 573 2386 secundo.
595 2368 607 2382 »

163 2557 280 2586 iove»

128 2619 255 2647 Licentia
282 2618 437 2646 exercendi
463 2627 513 2652 per
537 2622 740 2654 procuratores
762 2618 936 2645 visitationis
960 2618 1097 2645 officium.

98 2668 177 2701 (Rae.
194 2669 237 2701 44,
254 2677 280 2696 c.
296 2669 356 2700 310,
374 2668 393 2694 f.
410 2668 461 2695 174
477 2675 517 2700 r⁰;
538 2667 607 2694 Lar.
624 2676 659 2695 nu
672 2667 770 2699 Tuan„
784 2667 833 2700 Π.)

702 2555 790 2589 Rieu,
808 2556 822 2582 7
831 2555 926 2590 juillet
949 2555 1026 2582 1289.

140 2777 306 2808 Venerabili
318 2779 414 2815 fratri
426 2778 616 2816 Raymunclo,
631 2779 765 2816 episcopo
786 2778 974 2816 Vapincensi,
991 2777 1046 2816 qui
1061 2776 1101 2806 ad

98 2829 317 2862 liberationem
333 2831 382 2867 C.,
399 2831 484 2868 regis
502 2830 644 2866 Siciliae,
664 2830 849 2866 laborando,
869 2830 985 2860 multas
1004 2829 1101 2859 subiit

96 2892 260 2923 expensas,
277 2883 424 2921 indulget
440 2887 473 2913 ut
490 2892 546 2921 per
561 2883 730 2913 biennium
746 2883 940 2913 visitationis
958 2883 1100 2913 officium

100 2945 154 2976 per
167 2937 245 2967 alios
263 2945 410 2967 exercere
426 2940 456 2965 et
474 2936 712 2975 procurationes
728 2937 867 2976 recipere
882 2937 991 2975 possit.

141 3002 155 3018 «
173 2991 217 3020 Ex
234 2995 285 3021 tue
301 2990 518 3020 devotionis...
535 3006 574 3011 —
588 2989 659 3019 Dat.
677 2990 787 3025 Reate,
805 2990 900 3020 nonis
912 2989 1000 3029 julii,
1016 2997 1102 3020 anno

71 3054 76 3058 ·
99 3044 248 3074 secundo.
269 3056 281 3071 n

1233 436 1344 464 1021
1740 436 1830 466 Ricti,
1850 436 1994 470 terJuillet
2013 436 2089 463 1⁸?89.

1195 497 1312 524 Collatio
1330 498 1468 525 beneficii.
1487 499 1569 531 (Rue.
1587 500 1630 532 44,
1643 508 1669 526 c.
1687 499 1747 530 2311,
1765 499 1785 525 f.
1808 499 1855 525 174
1872 500 1922 530 vo.)

1207 600 1378 629 Venerabili
1407 602 1501 637 fratri
1528 624 1547 629 ..
1579 602 1710 638 episcopo
1741 602 1954 638 Wiyorniensi.
1989 600 2165 630 Confirmat

1162 653 1364 683 collationem
1383 654 1532 683 ecclesiae
1556 654 1593 683 de
1618 654 1802 692 HyHndon,
1825 654 2061 684 Loudoniensis
2077 654 2163 684 dioe-

1163 706 1254 743 cesis,
1280 707 1323 743 ei,
1352 715 1405 745 pro
1422 707 1512 744 regui
1529 706 1666 744 Angliae
1694 712 1723 736 et
1751 707 1990 745 W'igornieusis
2015 707 2166 737 ecclesiae

1163 760 1300 797 negotiis
1326 760 1361 788 in
1384 760 1510 789 civitate
1532 760 1748 789 Loudouiensi
1768 761 1914 796 moranti,
1933 770 1950 789 a
1966 761 2019 797 R„
2038 760 2165 789 Londo-

1164 814 1270 842 niensi
1287 814 1441 851 episcopo,
1462 813 1588 842 factam.

1207 880 1218 892 «
1240 867 1319 896 Cum
1339 876 1356 895 a
1379 866 1506 896 nobis...
1526 883 1565 888 -
1589 866 1659 895 Dat.
1680 866 1777 895 Reate
1791 889 1798 902 ,
1817 866 1962 896 kalendis
1975 866 2066 904 julii,
2083 875 2168 895 anuo

1165 919 1314 950 secundo.
1334 932 1347 946 n

1241 1105 1355 1133 iove
1748 1103 1835 1133 Rieu,
1860 1103 1897 1128 1er
1909 1102 2004 1136 J'uillet
2021 1101 2100 1128 1289.

1201 1167 1320 1195 Collatio
1335 1167 1478 1194 beneficii.
1496 1167 1578 1200 (Res
1597 1167 1639 1196 44,
1657 1174 1681 1192 c.
1700 1166 1759 1196 31‘2,
1777 1165 1797 1191 f.
1816 1165 1865 1191 174
1884 1165 1936 1196 vo.)

1208 1271 1329 1300 Dilectis
1352 1269 1426 1307 filiis
1456 1292 1474 1298 ..
1505 1270 1603 1306 priori
1628 1273 1654 1297 et
1674 1268 1807 1305 capitulo
1825 1267 1939 1297 ecclesie
1958 1267 2175 1303 Wiqorniensis

1168 1324 1338 1354 confirmat
1350 1322 1553 1352 collationem
1570 1321 1741 1351 saecularis
1757 1319 1909 1350 ecclesiae
1923 1319 1960 1348 de
1977 1318 2175 1357 Grumeleya

1170 1380 1199 1406 et
1215 1376 1354 1415 capellae
1374 1376 1411 1405 de
1431 1374 1592 1410 Hallawe,
1613 1374 1653 1403 ab
1668 1374 1779 1404 eadem
1797 1372 1929 1403 ecclesia
1947 1372 2172 1410 dependentis,

1169 1431 1204 1460 in
1220 1430 1337 1468 quibus
1349 1430 1402 1467 jus
1418 1432 1600 1467 patronatus
1616 1428 1784 1462 habebant,
1799 1427 1848 1456 'eis
1862 1435 1880 1455 a
1891 1425 2072 1459 Godesrido‚
2094 1425 2174 1463 epis-

1171 1491 1246 1522 copo
1263 1482 1496 1520 Wigorniensi,
1515 1482 1639 1511 factam.

1214 1548 1227 1563 (ι
1245 1536 1326 1566 Cum
1342 1545 1359 1565 a
1378 1535 1505 1565 nobis...
1523 1551 1561 1555 —
1577 1535 1646 1563 Dat.
1665 1538 1699 1563 ut
1715 1542 1819 1572 supra.
1842 1545 1855 1559 >³

1250 1723 1366 1752 10v3

1210 1787 1396 1822 Dispensatio
1409 1766 1591 1812 matrimonii.
1610 1783 1692 1816 (Rea.
1713 1783 1754 1813 44,
1769 1790 1793 1808 c.
1813 1781 1873 1814 313,
1891 1781 1909 1807 s.
1933 1780 1981 1806 174
1997 1787 2043 1812 v⁰3
2061 1779 2177 1808 Porrn..

1177 1837 1284 1869 23014.)

1771 1719 1857 1748 Rieu,
1875 1718 1905 1744 ‘21
1922 1718 2015 1752 juillet
2033 1717 2107 1743 1289.

1223 1945 1390 1975 Venerabili
1409 1943 1504 1982 fratri
1538 1966 1554 1971 ..
1586 1943 1718 1979 episcopo
1754 1940 1985 1976 ll'aterforciensi
2014 1937 2185 1968 committit

1178 2004 1336 2038 quatenus
1354 2007 1427 2027 cum
1451 1995 1619 2025 WVillelmo
1635 1994 1719 2024 dicto
1739 1993 1913 2023 Lebutiller
1932 1997 1961 2022 et
1978 1992 2127 2021 Johauna
2146 1990 2184 2019 de

1178 2052 1299 2083 Fitifelt
1314 2052 1476 2089 dispenset
1493 2054 1535 2085 ut,
1554 2057 1619 2078 non
1634 2048 1778 2077 obstante
1795 2050 1906 2088 quarto
1921 2043 2183 2082 consanguinita-

1179 2107 1218 2136 tis
1234 2106 1335 2144 gradu
1353 2113 1415 2143 quo
1430 2103 1593 2141 conjuncti
1609 2106 1699 2137 sunt,
1719 2101 1753 2129 in
1772 2099 1977 2129 matrimonio
1990 2098 2075 2136 quod
2092 2097 2181 2131 oliui,

1179 2160 1364 2198 ignorantes
1379 2157 1651 2196 impedimentum
1667 2163 1746 2189 esse,
1766 2156 2004 2188 contraxerunt,
2024 2156 2054 2181 et
2071 2152 2104 2180 in
2123 2158 2184 2188 quo

1180 2213 1287 2252 plures
1302 2212 1385 2241 filios
1401 2215 1431 2241 et
1444 2210 1526 2240 filias
1543 2212 1760 2248 procrearunt,
1781 2215 1947 2236 remanere
1966 2205 2103 2235 valeant.

1222 2278 1236 2293 «
1257 2265 1374 2296 Petitio
1390 2264 1499 2294 dilecti
1515 2263 1613 2292 filii...
1632 2278 1670 2283 —
1688 2261 1756 2290 Dat.
1779 2261 1887 2295 Reate,
1905 2268 1946 2288 ΧΠ
1962 2257 2114 2288 kalendas
2130 2265 2184 2285 au-

1181 2321 1277 2359 gusti,
1297 2327 1382 2349 anno
1397 2317 1548 2348 secundo.
1575 2329 1587 2343 »

1257 2505 1374 2534 1024

1219 2568 1345 2595 Licentia
1369 2565 1511 2593 alienandi
1526 2564 1728 2599 possessiones
1749 2560 1915 2588 monasterii
1939 2559 2061 2585 Sanctae
2078 2557 2184 2583 Mariae

1184 2617 1273 2644 Vallis
1289 2617 1395 2651 pontis.
1414 2615 1496 2648 (Rec-
1514 2614 1556 2644 44,
1571 2621 1595 2639 c.
1609 2613 1670 2645 314,
1688 2612 1707 2637 f.
1728 2611 1777 2637 '174
1794 2611 1840 2641 νῦ.)

1772 2499 1860 2533 Rieti,
1877 2498 1910 2525 ‘22
1923 2497 2018 2532 juillet
2035 2495 2110 2522 1289.

1226 2742 1246 2750 ..
1263 2719 1363 2747 abbati
1380 2717 1557 2746 monasterii
1574 2715 1677 2744 Sancti
1701 2714 1782 2742 Petri
1798 2711 1955 2745 Perusini,
1971 2710 2010 2738 ad
2024 2716 2183 2738 romanam

1184 2773 1337 2803 ecclesiam
1361 2771 1447 2799 nullo
1472 2769 1567 2797 medio
1588 2767 1787 2805 pertinentis,
1813 2764 1931 2793 ordinis
1957 2763 1987 2791 S.
2016 2762 2184 2795 Benedicti,

1186 2825 1316 2856 mandat
1329 2826 1484 2862 quatenus
1498 2821 1536 2850 de
1551 2816 1938 2858 opportunitateinquirat
1950 2814 2113 2853 petitionis
2124 2821 2187 2852 qua

1188 2902 1206 2908 ..
1225 2878 1321 2908 abbas
1341 2879 1371 2905 et
1389 2877 1565 2905 conventus
1586 2871 1771 2902 monasterii
1791 2869 1925 2900 Sanctae
1944 2868 2063 2898 Mariae
2085 2865 2186 2896 Vallis

1186 2931 1302 2971 pontis,
1320 2928 1360 2958 ad
1380 2935 1545 2957 romanam
1562 2924 1729 2955 ecclesiam
1747 2922 1837 2952 nullo
1851 2921 1955 2951 medio
1972 2919 2162 2959 pertinentis
2178 2942 2184 2954 ,

1185 2983 1308 3017 ordinis
1323 2983 1354 3012 S.
1373 2979 1547 3015 Benedicti,
1562 2978 1736 3008 Perusinae
1751 2975 1915 3011 dioecesis,
1931 2973 2098 3004 licentiam
2115 2981 2188 3011 pos-

1186 3042 1263 3068 cunt
1280 3033 1427 3065 mutandi
1444 3032 1597 3072 quasdam
1619 3034 1717 3060 terras
1738 3033 1768 3059 et
1787 3028 2000 3067 possessiones
2021 3034 2093 3056 cum
2112 3024 2188 3064 qui-
