2342 3652
935 379 1163 416 DEUXIEME
1185 376 1340 415 ANNnn.
2125 394 2177 423 187

99 451 341 483 satisfactionem
366 451 559 488 condignam
580 450 810 480 inviolabiliter
827 452 998 482 observari.
1021 452 1098 480 Pre-

99 510 181 536 terea
195 505 388 543 quicumque
409 504 446 533 de
472 503 675 533 facultatibus
693 505 758 533 suis
779 504 839 533 sihi
861 514 877 533 a
895 505 961 534 Deo
978 504 1099 534 collatis

99 566 235 595 congrue
247 557 397 586 fratribus
410 556 618 585 subvenerint
629 557 822 592 memoratis,
839 557 911 586 etin
930 561 992 586 tam
1008 565 1099 585 sanc-

100 615 161 640 tam
178 609 405 638 fraternitatem
420 608 590 637 statuerint
607 617 639 637 se
658 608 805 645 collegas,
823 609 933 647 eisque
946 609 1099 638 beneficia

100 661 505 702 persolverintannuatim,
525 661 700 690 dummodo
724 661 762 689 de
788 662 920 699 peccatis
939 662 1005 690 suis
1028 671 1099 690 vere

100 715 224 746 contriti
246 715 365 744 fuerint
391 719 420 743 et
445 714 598 745 confessi.
625 714 683 750 eis,
709 714 747 743 de
772 714 934 744 beatorum
960 715 1045 744 Petri
1071 718 1101 744 et

101 768 191 799 Pauli
209 767 419 806 apostolorum
438 766 624 796 auctoritate
639 767 751 796 confisi
766 789 774 803 ,
794 767 962 805 septimam
981 772 1099 805 partem

100 822 240 861 injuncte
258 820 431 859 penitentie
449 820 639 849 relaxamus.
657 820 837 857 Apostolica
853 828 979 858 quoque
994 824 1099 849 aucto-

101 874 202 911 ritate,
226 873 264 903 ob
284 874 495 903 reverentiam
514 873 614 912 ipsius
638 873 828 902 venerabilis
840 873 1016 911 hospitalis,
1037 878 1100 902 sta-

102 927 218 958 tuimus
236 930 268 956 ut
286 927 349 955 hiis
364 927 417 965 qni
438 935 546 956 eorum
569 927 798 955 fraternitatem
816 928 1057 964 assumpserint,
1075 927 1101 956 si

102 980 228 1012 forsitan
245 979 376 1009 ecclesie
392 979 430 1008 ad
455 988 532 1018 quas
552 979 713 1018 pertinent
727 988 743 1008 a
761 979 878 1008 divinis
901 979 1019 1008 fuerint
1035 979 1101 1008 offi-

102 1033 160 1064 ciis
176 1033 352 1069 interdicte,
371 1032 520 1071 ipsosque
538 1033 620 1062 mori
634 1033 820 1070 contigerit,
838 1033 900 1062 nisi
918 1041 1101 1062 excommu-

101 1086 206 1122 nicati,
221 1090 275 1115 aut
287 1085 645 1115 nominatiminterdicti
659 1086 788 1122 fuerint,
801 1086 961 1115 autetiam
975 1085 1100 1123 publice

101 1139 248 1175 usurarii,
266 1139 314 1168 vel
330 1139 409 1168 alias
419 1139 462 1168 eis
478 1148 496 1168 a
508 1140 580 1177 jure
600 1139 759 1178 sepultura
776 1139 987 1169 ecclesiastica
1005 1139 1100 1168 suerit

101 1192 282 1228 interdicta,
309 1192 419 1222 eadem
439 1192 601 1231 sepultura
617 1217 623 1229 ,
645 1197 750 1222 tamen
768 1193 972 1232 pretermissa
989 1194 1023 1222 iii
1042 1193 1100 1223 hoc

101 1245 329 1284 sollempnitate
339 1245 440 1282 solita,
454 1254 518 1275 non
529 1250 673 1283 negetur.
688 1245 843 1275 Volumus
852 1251 958 1276 autem
966 1245 1100 1276 utliceat

101 1297 146 1328 eis
163 1297 334 1328 confratres
350 1307 422 1327 suos
446 1303 524 1337 quos
541 1298 745 1328 ecclesiarum
763 1299 874 1337 prelati
895 1299 977 1338 apud
1000 1299 1099 1329 eccle-

101 1351 162 1381 sias
177 1359 248 1380 suas
264 1350 421 1380 malitiose
441 1360 504 1380 nou
522 1353 727 1390 permiserint
743 1352 881 1390 sepeliri,
898 1352 961 1381 nisi
975 1362 1098 1382 excom-

101 1404 253 1434 municati
273 1404 321 1433 vel
341 1405 534 1434 nominatim
548 1405 666 1434 fuerint
681 1406 853 1441 interdicti,
867 1411 921 1435 aut
936 1406 1030 1435 etiam
1042 1416 1101 1444 pu-

101 1456 180 1487 blice
190 1457 339 1493 usurarii,
358 1458 561 1488 tumulandos
576 1458 699 1488 deferre
715 1458 752 1487 ad
771 1458 919 1497 ecclesias
935 1459 1100 1497 hospitalis

101 1510 251 1549 ejusdem,
264 1514 294 1540 et
308 1510 484 1541 oblationes
502 1516 564 1541 tam
579 1521 634 1551 pro
651 1512 696 1541 eis
713 1521 810 1551 quam
826 1521 881 1550 pro
897 1512 970 1542 aliis
991 1513 1046 1551 qui
1065 1514 1098 1542 in

101 1572 208 1595 eorum
228 1564 394 1593 cimiteriis
414 1565 620 1603 requiescunt
636 1565 795 1594 exhibitas
812 1566 882 1595 sine
905 1565 1005 1595 alieni
1018 1566 1100 1604 juris

101 1617 274 1657 prejudicio
289 1617 440 1647 retinere.
460 1618 526 1648 Hoc
546 1619 640 1648 etiam
664 1619 770 1649 addito
787 1624 821 1648 ut
839 1624 1014 1658 receptores
1037 1620 1099 1649 sra-

102 1670 254 1700 ternitatis
270 1670 424 1709 ejusdem,
444 1680 499 1701 seu
515 1672 609 1701 etiam
626 1672 841 1709 collectarum,
859 1673 946 1702 salvo
959 1674 1031 1712 jure
1046 1673 1101 1703 do-

103 1723 260 1754 minorum
279 1733 421 1760 suorum,
446 1725 505 1754 sub
531 1725 614 1754 beati
635 1726 721 1754 Petri
738 1729 767 1755 et
784 1730 889 1755 nostra
908 1727 1101 1764 protectione

103 1777 283 1807 consistant.
293 1777 461 1808 Adicimus
470 1778 643 1817 insuperut
652 1803 657 1814 ,
666 1780 692 1808 si
702 1780 755 1818 qui
769 1779 953 1810 eorumdem
965 1779 1101 1809 fratrum

102 1831 155 1870 qui
170 1830 208 1860 ad
225 1831 350 1861 easdem
367 1831 581 1862 fraternitates
598 1833 685 1862 missi
703 1833 821 1862 suerint
835 1833 883 1862 vel
897 1833 1049 1865 collectas.
1067 1833 1101 1862 in

102 1884 274 1924 quamlibet
290 1885 463 1922 civitatem,
485 1886 649 1916 castellum
667 1886 715 1916 vel
734 1887 841 1917 vicum
856 1887 1054 1924 advenerint,
1073 1887 1101 1917 si

102 1937 179 1968 forte
209 1937 296 1968 locus
330 1939 398 1977 ipse
417 1947 435 1968 a
452 1939 571 1968 divinis
591 1940 684 1969 suerit
703 1940 818 1970 officiis
839 1940 1044 1976 interdictus,
1066 1941 1099 1970 in

102 1991 354 2030 eorumjocundo
370 1991 508 2022 adventu
529 1993 628 2022 semel
644 1993 827 2031 aperiantur
836 1993 967 2024 ecclesie
976 2003 1101 2023 annua-

103 2044 174 2081 tim,
203 2049 234 2074 et
261 2046 543 2075 excommunicatis
565 2051 620 2076 aut
644 2047 834 2076 nominatim
852 2047 1029 2077 interdictis
1046 2057 1099 2077 ex-

101 2096 207 2133 clusis,
236 2097 345 2127 divina
368 2098 414 2128 ihi
433 2099 537 2129 officia
560 2099 771 2129 celebrentur.
789 2100 882 2130 Salva
902 2101 936 2130 in
951 2101 1101 2131 omnibus

101 2150 285 2188 supradictis
307 2151 522 2181 declaratione
547 2152 677 2182 concilii
693 2153 862 2190 generalis.
881 2154 931 2183 Ad
947 2155 1099 2193 majorem

101 2211 222 2242 quoque
252 2209 353 2234 vestre
382 2205 540 2234 mercedis
567 2205 733 2235 cumulum
758 2206 990 2236 nichilominus
1013 2208 1120 2237 vobis.

101 2256 279 2287 mandando
308 2257 502 2296 precipimus
529 2263 687 2297 quatenus
705 2259 788 2289 hanc
814 2265 953 2290 nostram
983 2261 1099 2290 consti-

102 2309 252 2340 tutionem
269 2320 324 2349 per
342 2311 523 2349 parrochias
539 2316 660 2341 vestras
677 2313 817 2342 nuntiari
834 2314 970 2352 propriis
986 2313 1100 2343 litteris

102 2362 230 2394 faciatis.
250 2364 441 2394 Mandamus
459 2364 555 2394 etiam
573 2369 616 2402 ut,
634 2366 659 2394 si
675 2366 730 2404 qui
749 2366 788 2395 de
803 2366 927 2396 clericis
951 2367 1098 2396 eeclesia-

101 2423 172 2446 rum
200 2421 376 2447 vestrarum
396 2417 526 2456 prefatis
552 2418 712 2456 fratribus,
744 2428 817 2449 cum
839 2419 968 2450 licentia
988 2420 1099 2458 prelati

103 2472 132 2499 et.
143 2469 273 2508 capituli
289 2470 349 2508 sui,
367 2475 478 2509 sponte
490 2475 520 2500 et
535 2472 646 2509 gratis,
659 2481 715 2510 per
726 2481 850 2502 annum
866 2473 915 2502 vel
930 2473 1100 2503 biennium

104 2520 300 2552 decreverint
315 2523 487 2560 deservire,
506 2532 710 2563 nequaquam
727 2526 954 2564 impediantur,
973 2531 1003 2556 et
1018 2527 1100 2557 inte-

102 2575 162 2604 rim
177 2584 234 2605 sua
248 2576 404 2606 beneficia
422 2585 486 2606 non
502 2577 661 2608 amittant.
679 2578 752 2608 Dat.
771 2579 884 2616 Rome,
901 2580 984 2618 apud
1001 2580 1100 2610 Sanc-

104 2631 164 2658 tam
174 2629 308 2659 Mariam
324 2630 490 2669 Maj0rem‚
510 2640 529 2660 v
545 2630 699 2661 kalendas
715 2632 804 2669 maii,
821 2642 906 2663 anno
922 2634 1071 2664 secundo.
1085 2645 1098 2660 ι)

170 2780 256 2810 843

136 2841 253 2870 Nuntiat
273 2843 417 2875 praedicta
433 2844 582 2878 privilegia
600 2845 738 2872 fratribus
760 2846 911 2881 hospitalis
926 2846 1024 2874 Sancti
1040 2847 1101 2874 An-

102 2889 170 2918 tonii
203 2899 341 2919 concessa
355 2892 439 2926 (Rso.
456 2893 505 2923 44,
521 2901 548 2919 c.
566 2893 626 2925 141,
644 2893 664 2920 f.
683 2894 729 2920 141
749 2894 796 2928 r0.)

434 2781 797 2817 sainte-Marie-MaJ'eure,
814 2784 847 2810 27
865 2784 934 2810 avril
951 2784 1028 2811 1289.

143 2991 294 3023 Universis
306 2994 420 3024 Christi
434 2995 572 3032 fidelibus
580 2995 619 3024 ad
632 3004 705 3033 quos
721 2997 818 3026 littere
830 2998 884 3026 iste
890 2999 1096 3035 pervenerint.

146 3056 159 3072 ι
176 3045 211 3076 Si
222 3047 311 3086 juxta
326 3048 555 3078 sententiam...
573 3065 611 3069 ——
626 3048 698 3078 Dat.
717 3053 870 3089 utsupra.
889 3062 903 3077 »

1251 452 1339 480 844

1217 512 1259 538 De
1275 514 1374 540 codem
1391 516 1504 549 negotio
1521 518 1598 547 (RcG.
1617 518 1663 549 44,
1682 526 1706 544 c.
1729 506 1820 547 14Q,'f.
1842 518 1885 544 141
1904 520 1955 550 v0.)

1522 454 1876 489 Sainte-Marie-Majcure,
1896 456 1926 482 ἶ27
1944 457 2011 483 avril
2031 458 2107 484 1287.

1228 615 1450 645 Venerabilz'bus
1466 620 1614 653 fratribus
1631 620 1860 657 archiepiscopis
1875 625 1900 649 et
1914 620 2066 658 episcopis,
2082 630 2115 650 ac
2130 623 2178 650 di-

1184 669 1264 696 lectis
1288 669 1362 704 filiis
1389 671 1565 705 abbatibus,
1592 673 1764 708 prim-ihus,
1789 674 1919 710 (leminis,
1944 675 2179 711 archidiaconis,

1180 721 1349 758 prepositis,
1367 723 1630 760 arelissa-estywris
1646 729 1670 752 e!
1689 727 1759 753 aliis
1781 727 1973 755 ecetesiarmn
1987 728 2123 764 prelatis,
2141 729 2179 757 ad

1182 783 1254 810 quos
1272 774 1368 802 littere
1388 776 1439 803 isle
1451 778 1655 812 perreuerint,
1675 778 1803 806 mandat
1816 784 1971 816 quatenus
1990 781 2180 818 presbyteris

1183 826 1243 854 sibi
1260 827 1409 864 subjectis
1431 827 1605 865 injungant
1629 834 1659 858 ut
1681 830 1792 859 fratres
1811 831 1971 869 hospitalis
1990 832 2097 862 Sancti
2117 834 2179 862 An-

1184 879 1275 915 tonii,
1297 879 1329 907 in
1348 879 1486 908 ecclesiis
1508 882 1584 917 suis,
1601 882 1640 910 ad
1657 883 1854 920 quaerendas
1871 893 2042 922 pauperum
2062 885 2180 916 elemo-

1183 932 1279 967 sinas,
1295 932 1384 970 juxta
1399 933 1586 970 apostolicae
1603 934 1683 962 sedis
1700 935 1872 971 indultum,
1889 937 2057 974 accipiant,
2071 942 2099 966 et
2114 947 2181 976 pro-

1183 984 1322 1020 videant,
1337 985 1463 1023 quando
1474 986 1673 1023 parrochiani
1692 988 1836 1024 praefatis
1850 988 1999 1018 fratribus
2010 990 2180 1028 quicquam

1182 1038 1215 1066 in
1236 1042 1423 1067 testamento
1441 1038 1645 1076 reliquerint,
1665 1044 1696 1068 ut
1714 1040 1748 1069 hi
1765 1040 1902 1077 legatum
1920 1041 1988 1070 sine
2005 1043 2180 1072 contradic-

1185 1091 1268 1120 tione
1284 1091 1446 1129 percipere
1463 1093 1594 1130 possint.

1225 1156 1237 1169 «
1256 1143 1425 1179 Querelam
1449 1153 1576 1182 gravem
1604 1146 1817 1183 recepimus...
1849 1163 1886 1169 —
1904 1147 1971 1175 Dat.
1994 1152 2027 1176 ut
2044 1157 2149 1186 supra.
2168 1161 2180 1174 »³

1253 1302 1341 1330 845

1220 1364 1261 1391 De
1275 1365 1374 1391 eodem
1391 1366 1515 1399 negotio.
1534 1365 1616 1398 (Rae.
1635 1365 1685 1397 44,
1703 1374 1728 1392 c.
1750 1366 1810 1397 143,
1829 1366 1847 1393 Ι.
1868 1367 1912 1393 141
1932 1369 1983 1400 vo.)

1528 1302 1886 1338 Salute-Marie-Mnjeure,
1900 1304 1931 1331 ⁵37
1948 1306 2018 1331 avril
2037 1306 2111 1333 1289.

1228 1468 1449 1497 Vener-abintus
1460 1469 1610 1504 fratribus
1623 1469 1852 1505 archiepiscopis
1864 1470 2051 1506 aepiscopis,
2062 1475 2087 1498 et
2097 1470 2184 1499 dilec-

1184 1522 1222 1550 tis
1237 1522 1311 1558 filiis
1332 1522 1499 1557 abbatibus,
1520 1521 1689 1559 prioribus,
1714 1523 1848 1557 decanis,
1873 1523 2111 1558 archidiaconis,
2130 1533 2182 1552 ar-

1183 1575 1412 1612 chipresbyteris
1437 1579 1462 1604 et
1483 1576 1555 1604 aliis
1577 1576 1769 1604 ecclesiarum
1784 1576 1910 1613 prelatis
1923 1598 1930 1610 ,
1945 1577 1983 1605 acl
1998 1585 2070 1613 quos
2088 1578 2183 1606 littere

1183 1628 1236 1656 iste
1264 1629 1467 1665 pervenerint.
1503 1628 1577 1664 Eos,
1609 1627 1646 1657 ad
1678 1628 1779 1657 instar
1810 1628 2005 1665 innocentii,
2040 1629 2180 1665 Urbani,

1183 1680 1359 1710 Alexandri
1380 1684 1409 1710 et
1434 1681 1609 1711 Clementis
1634 1690 1803 1719 paparum,
1831 1682 1974 1711 hortatur
1997 1687 2031 1710 ut
2054 1683 2182 1712 nuntios

1183 1734 1316 1763 fratrum
1331 1723 1495 1772 hospitalis
1515 1734 1622 1764 Sancti
1640 1735 1784 1769 Antonii,
1798 1735 1837 1764 ad
1852 1743 1903 1764 eos
1918 1743 1973 1773 pro
1990 1735 2182 1774 elemosynis

1182 1787 1369 1825 colligendis
1392 1788 1593 1824 accedentes,
1615 1788 1752 1825 benigne
1777 1793 1925 1824 tractent,
1952 1793 1981 1817 et
2003 1788 2041 1817 ad
2063 1788 2182 1817 dandas

1183 1841 1228 1870 eis
1245 1840 1446 1879 elemosynas
1461 1841 1688 1879 parrochianos
1705 1849 1777 1870 suos
1794 1841 2009 1871 exhortentur.

1225 1905 1238 1920 α
1259 1894 1373 1923 Preces
1391 1903 1452 1932 que
1468 1894 1671 1924 continent...
1689 1911 1728 1915 —
1746 1894 1815 1923 Dat.
1836 1898 1869 1923 ut
1883 1903 1988 1932 supra.
2010 1907 2023 1920 »

1255 2040 1342 2068 84ss

1218 2102 1261 2128 De
1276 2102 1376 2128 eodem
1394 2103 1516 2136 negotio.
1536 2102 1617 2135 (Res.
1634 2102 1683 2135 44,
1701 2110 1726 2127 e.
1748 2102 1810 2130 144,
1829 2102 1847 2128 f.
1868 2102 1913 2128 141
1933 2104 1981 2133 νῦ.)

1525 2039 1880 2073 Sainte-Marie—Majeure,
1899 2039 1930 2065 27
1946 2039 2016 2065 avril
2036 2039 2109 2065 1²:89.

1225 2228 1245 2235 ..
1265 2206 1412 2242 magistro
1429 2209 1456 2234 et
1475 2205 1624 2240 fratribus
1645 2205 1802 2242 hospitalis
1820 2204 1922 2233 Sancti
1940 2204 2077 2239 Antonii,
2098 2204 2180 2232 Vien-

1182 2259 1284 2287 nensis
1304 2257 1435 2288 diocesis.
1458 2257 1507 2286 Ad
1529 2258 1630 2287 instar
1652 2256 1777 2287 Urbani
1792 2256 1876 2292 IIII,
1894 2256 2018 2286 inhibet
2034 2265 2073 2285 ne
2089 2256 2179 2294 quis,

1181 2320 1237 2350 pro
1254 2320 1289 2341 eo
1312 2311 1396 2349 quod
1417 2311 1517 2340 iidem
1537 2311 1648 2339 fratres
1665 2311 1697 2339 in
1713 2310 1857 2339 oratoriis
1876 2319 1931 2339 seu
1956 2309 2083 2348 capellis
2100 2318 2180 2347 quae

1182 2363 1215 2393 in
1234 2364 1378 2402 grangiis
1396 2364 1461 2393 suis
1480 2363 1598 2393 habent
1613 2363 1776 2392 interdum
1791 2363 1900 2392 divina
1915 2362 2088 2398 celebrant,
2106 2370 2177 2400 pro-

1182 2418 1380 2455 curationes,
1407 2426 1487 2456 quae
1516 2417 1704 2447 visitationis
1728 2417 1850 2446 ratione
1875 2416 2041 2453 debentur,
2069 2415 2107 2445 ab
2135 2415 2180 2445 eis

1182 2470 1307 2508 exigere
1322 2470 1372 2500 vel
1388 2475 1573 2509 extorquere
1590 2473 1782 2509 praesumat.

1224 2535 1238 2551 «
1256 2523 1464 2561 Exigentibus
1479 2527 1580 2553 vestre
1595 2522 1808 2552 devotionis...
1827 2538 1866 2544 —
1883 2523 1952 2551 Dat.
1978 2525 2011 2550 ut
2032 2528 2141 2559 supra.
2165 2530 2177 2546 n

1252 2674 1337 2703 842

1218 2737 1261 2764 De
1276 2738 1375 2764 eodem
1390 2738 1514 2772 negotio.
1534 2737 1614 2770 (Rae.
1632 2737 1664 2763 44
1677 2757 1683 2767 .
1700 2744 1725 2763 c.
1744 2736 1809 2767 145,
1826 2736 1844 2762 f.
1866 2735 1911 2761 141
1930 2735 1982 2768 νο.)

1513 2673 1877 2707 sainte-Marte-MaJeure,
1894 2673 1926 2698 ‘27
1941 2672 2010 2698 avril
2028 2672 2107 2699 1289.

1225 2840 1376 2869 Universis
1392 2839 1504 2868 Christi
1518 2839 1654 2876 fidelibus
1667 2838 1706 2867 ad
1716 2846 1788 2875 quos
1800 2838 1896 2866 littere
1910 2838 1963 2865 iste
1972 2838 2178 2874 pervenerint.

1182 2892 1421 2930 Indulgentiam
1453 2891 1662 2931 quadraginta
1698 2890 1821 2920 dierum
1853 2889 1996 2920 concedit
2030 2889 2179 2919 omnibus

1182 2954 1254 2975 vere
1270 2944 1505 2984 poenitentibus
1526 2948 1554 2973 et
1576 2943 1727 2973 confessis
1753 2942 1807 2981 qui
1830 2942 1868 2971 ad
1888 2941 2046 2980 hospitale
2071 2941 2179 2971 Sancti

1181 2998 1315 3028 Antonii
1332 2998 1372 3028 ad
1387 2998 1607 3036 elemosynam
1622 2995 1799 3026 faciendam
1816 2995 2016 3025 accesserint.

1226 3064 1238 3079 ‹
1254 3052 1412 3088 Quoniam
1426 3055 1461 3081 ut
1475 3051 1556 3080 ait...
1577 3066 1614 3072 —
1630 3050 1700 3079 Dat.
1719 3053 1872 3087 utsupra.
1892 3060 1906 3074 »
