2477 3637
317 392 375 422 520
1064 381 1299 414 REGISTRES
1322 381 1375 411 DE
1398 380 1582 411 NICOLAS
1605 381 1661 410 1v.

318 457 392 488 lana
421 455 551 486 ecclesia
583 463 637 492 per
667 457 799 483 mortem
830 452 882 487 tt..
915 449 1090 489 capitulum
1123 450 1155 478 in
1186 453 1322 486 quatuor

318 509 486 541 canonicos
511 513 540 536 et
568 508 599 536 in
623 506 785 536 Andream
809 505 1014 537 Cauxonum,
1038 502 1173 532 Sanctae
1203 501 1321 530 Mariae

317 564 356 594 de
381 563 544 598 Mur-iano,
562 565 591 589 et
615 561 743 589 Petrum
774 559 957 593 Buranum,
982 555 1123 595 plebium
1151 555 1320 593 plebanos,

317 614 549 654 compromisit,
575 618 603 642 et
635 610 905 649 compromissarii
933 608 1148 648 Maynardum
1178 607 1216 636 de
1244 607 1321 636 civi-

318 672 378 698 tate
403 666 482 696 Bell.
495 688 502 701 ,
520 665 711 694 canonicum
731 663 960 698 Cenetensem,
980 661 1156 699 elegerunt.
1183 660 1321 696 Verum,

317 720 389 749 licet
417 742 435 748 ..
465 719 626 756 episcopus
660 715 878 754 Crapulanus,
910 720 985 744 tunc
1017 713 1156 743 vicarius
1186 713 1241 748 N.,
1267 721 1323 750 pa-

317 773 471 803 triarchae
507 771 696 805 Gradensis,
735 769 817 799 hanc
855 768 1045 798 electionem
1085 767 1320 800 confirmasset,

317 831 421 856 tamen
455 824 630 854 nonnullae
658 832 811 863 personae
843 823 870 852 ei
903 822 1133 860 oppositionem
1167 820 1321 850 fecerunt.

317 879 449 916 Negotio
479 878 577 916 igitur
608 877 647 906 ad
677 877 787 906 sedern
814 875 1017 914 apostolicam
1041 873 1206 909 devoluto,
1231 873 1322 911 May-

317 932 435 961 nardus
453 932 518 970 juri
537 931 597 960 sibi
621 939 655 960 ex
678 929 832 959 electione
853 928 1010 967 acquisito
1034 931 1144 966 sponte
1164 935 1199 956 ac
1224 926 1323 956 libere

316 985 523 1014 renuntiavit.
544 984 634 1013 Tunc
661 992 739 1022 papa
764 982 976 1021 provisionem
1003 980 1146 1019 ejusdem
1171 979 1323 1010 ecclesiae

316 1038 375 1068 sibi
404 1037 591 1074 reservavit,
612 1042 641 1066 et
670 1045 754 1066 nunc
773 1036 960 1070 Alei-onem,
980 1033 1181 1073 capellanum
1206 1041 1320 1068 suum,

318 1093 344 1124 ei
364 1093 544 1131 episcopum
563 1091 714 1129 praeficit.

358 1158 371 1171 u
397 1145 446 1174 Ad
470 1143 660 1174 universalis
679 1142 850 1173 ecclesie...
868 1159 905 1162 —
924 1142 992 1170 Dat.
1011 1140 1093 1179 apud
1112 1140 1322 1170 Urbemvete·

318 1208 394 1233 rem,
413 1207 462 1227 xvi
480 1196 632 1226 kalendas
649 1196 797 1232 octobris,
814 1204 899 1225 anno
916 1194 1016 1224 tertio.
1038 1206 1050 1220 »

385 1355 627 1385 azssss-azssv

353 1417 392 1443 De
407 1419 470 1451 jure
487 1417 658 1443 visitationis
675 1417 701 1442 in
718 1416 892 1442 Eboracensi
905 1416 1037 1442 ecclesia.
1054 1415 1137 1448 (ΠΕΟ.
1156 1416 1198 1447 45,
1215 1423 1240 1441 c.
1259 1415 1320 1449 414,

315 1467 334 1492 i'.
355 1467 387 1493 32
404 1468 450 1498 ro.)

796 1355 921 1385 Ori-icto,
945 1354 973 1380 15
989 1353 1153 1388 septembre
1174 1353 1248 1380 1290.

358 1591 376 1597 ..
395 1569 615 1605 archiepiscopo
632 1569 823 1597 Eboraccnss.
845 1579 857 1593 α
880 1566 1027 1596 Exhibite
1050 1567 1139 1597 nobis
1160 1567 1322 1606 petitionis

317 1626 368 1651 tue
383 1623 479 1651 series
495 1622 677 1651 continebat
692 1622 785 1660 quod,
802 1626 829 1650 te
845 1621 966 1650 dudum
979 1620 1079 1650 felicis
1096 1621 1323 1651 recordationis

317 1675 459 1705 Honorio
479 1684 573 1714 pape,
590 1674 804 1713 predecessori
820 1679 944 1710 nostro,
963 1673 1130 1704 humiliter
1146 1678 1323 1712 exponente

315 1728 415 1767 quod,
436 1728 695 1766 pretendentibus
718 1727 794 1757 olim
814 1750 833 1757 ..
851 1728 971 1757 decano
991 1733 1021 1756 et
1041 1728 1180 1766 capitulo
1202 1728 1323 1757 Ebora-

315 1782 421 1811 censis
453 1781 584 1811 ecclesie
613 1782 689 1820 ipsis
718 1790 735 1810 a
765 1781 837 1811 sede
867 1780 1037 1819 apostolica
1064 1790 1132 1811 esse
1158 1781 1322 1811 indultum

318 1835 400 1874 quod
422 1835 627 1865 Eboracensis
651 1835 926 1873 archiepiscopus,
947 1835 1003 1873 qui
1020 1839 1066 1865 est
1086 1844 1141 1874 pro
1159 1839 1321 1874 tempore,

316 1888 351 1917 in
367 1896 418 1918 eos
435 1888 500 1918 sive
518 1889 550 1917 in
568 1888 800 1918 Eborac-ensem
817 1888 867 1917 vel
883 1887 962 1917 alias
977 1887 1126 1918 ecclesias
1144 1898 1199 1918 sen
1217 1888 1323 1927 capel-

315 1941 361 1971 las
386 1950 495 1971 eornm
518 1941 628 1971 usibus
647 1942 811 1980 deputatas
834 1950 898 1971 non
920 1943 1020 1980 possit
1035 1951 1205 1972 censuram
1221 1942 1323 1972 eccle-

315 1995 475 2025 siasticam
489 2004 644 2031 exercere,
665 2004 849 2033 quanquam
866 1995 995 2034 aliquod
1010 1995 1097 2024 alind
1116 1995 1323 2034 privilegium

317 2049 382 2077 sive
401 2058 527 2078 causam
551 2048 771 2078 rationabilem
792 2049 924 2077 minime
941 2048 1134 2086 allegarent,
1153 2058 1283 2087 perque
1306 2057 1324 2078 a

317 2102 497 2131 visitatione
533 2107 561 2131 et
592 2102 789 2131 correctione
819 2102 918 2140 ipsius
954 2102 1183 2140 archiepiscopi
1221 2103 1324 2132 forent

317 2157 470 2193 exempti,
490 2154 637 2184 nonnulli
656 2155 892 2193 predecessores
909 2155 954 2184 tui
972 2155 1186 2185 Eboracenses
1203 2155 1324 2185 archie-

318 2209 450 2247 piscopi,
469 2209 633 2237 occasione
655 2208 770 2237 indulti
793 2208 944 2246 predicti,
967 2208 1094 2238 eosdem
1115 2208 1271 2238 decanum
1294 2213 1326 2238 et

317 2262 490 2300 capitulum
507 2262 669 2299 dictasque
686 2261 836 2291 ecclesias
853 2266 884 2291 et
898 2261 1033 2300 capellas
1051 2262 1228 2291 omiserunt
1252 2262 1324 2291 hac-

318 2321 409 2346 tenns
427 2316 573 2351 visitare,
594 2321 717 2353 propter
732 2316 814 2354 quod
832 2315 1036 2354 quamplures
1054 2324 1166 2353 graves
1180 2320 1210 2345 et
1227 2325 1322 2346 enor-

316 2378 383 2398 mes
405 2378 550 2398 excessus
576 2369 654 2398 inibi
674 2369 835 2399 commissi
855 2369 1060 2398 correctionis
1081 2369 1209 2406 limam,
1227 2379 1322 2408 quam

317 2424 490 2462 plurimum
515 2422 717 2459 indigebant,
735 2423 890 2451 hactenus
912 2424 1103 2460 effugerunt.
1122 2423 1159 2451 ln
1181 2423 1324 2452 ecclesiis

316 2486 440 2515 quoque
469 2476 603 2514 propriis
630 2476 840 2514 predictorum
872 2477 982 2506 decani
1008 2481 1038 2505 et
1060 2476 1190 2514 capituli
1214 2476 1323 2505 usibus

315 2530 470 2568 deputatis
486 2529 589 2558 cultus
605 2530 808 2559 omittebatur
823 2530 948 2559 debitus
966 2530 1162 2565 divinorum,
1181 2529 1323 2559 ecclesiis

554 2583 693 2611 vestibus
717 2583 964 2612 saevi-dotalibus
988 2588 1017 2613 et
1036 2583 1109 2613 aliis
1125 2584 1323 2613 ornamentis

316 2637 535 2665 ecclesiasticis
564 2637 655 2674 quasi
685 2637 812 2674 penitus
839 2637 1016 2672 destitutis,
1043 2641 1072 2666 et
1104 2636 1323 2675 parrochianis

315 2584 407 2621 ipsis,
426 2583 516 2612 libris
529 2606 535 2618 ‚

315 2700 423 2718 corum
441 2691 596 2719 evinctum
624 2690 816 2727 patientibus
843 2699 903 2719 non
938 2691 1097 2719 modicum
1120 2690 1152 2719 in
1179 2690 1319 2727 divinis,

317 2743 853 2781 1101:absquepericuloanimm-mn
867 2748 896 2773 et
909 2743 1056 2773 scandalo
1069 2744 1293 2782 plurimorum.
1306 2756 1319 2771 n

316 2797 382 2824 'l'tbi
402 2806 473 2825 vero
492 2796 668 2833 pra-«lictus
689 2797 849 2826 Honorius
867 2807 920 2835 per
937 2806 1010 2825 suas
1028 2798 1183 2826 concessit
1200 2796 1321 2827 litteras

316 2859 357 2885 sp·
371 2849 463 2877 cialvs
484 2854 533 2883 ut,
558 2859 617 2877 non
639 2840 782 2878 obsiantc
800 2850 958 2887 praedicto
975 2850 1117 2885 indulto,
1141 2850 1195 2879 tibi
1213 2850 1322 2880 liceret

318 2902 413 2929 ilicffos
438 2902 590 2929 dwannm
609 2907 637 2930 vt
653 2902 846 2940 capitulum,
866 2903 1014 2931 ecclesias
1037 2908 1066 2932 et
1089 2903 1224 2941 capellas
1248 2903 1321 2932 visi-

319 2960 391 2988 tat-1¹,
405 2963 465 2982 cor:
477 2964 557 2987 iuerv·
576 2960 602 2983 ct
620 2957 805 2989 rvt'ormarc‘,
825 2966 935 2985 verum
953 2957 1049 2986 iidem
1067 2957 1207 2987 decanus
1223 2961 1253 2986 et
1268 2966 1319 2987 ca·

319 3006 449 3043 pi'rilum
470 3013 495 3034 te
512 3008 547 3035 :iil
567 3008 646 3044 ipsos
666 3009 857 3037 visitandum
879 3010 1015 3047 recipcre
1034 3018 1094 3039 non
1114 3014 1316 3040 curaverunt.

317 3064 419 3093 munii-»2
445 3072 456 3083 «ι
492 3060 617 3096 pr-*t'atis
643 3061 761 3089 dxc-cano
790 3066 819 3090 nt
849 3062 986 3099 capitulo
1013 3072 1066 3100 per
1091 3063 1170 3092 alias
1197 3068 1319 3093 nostras

1403 446 1524 475 litteras
1542 447 1747 485 injungimus
1764 451 1798 476 ut
1811 445 2027 485 privilegium,
2044 445 2070 474 si
2089 445 2174 483 quod
2190 454 2284 484 super
2299 445 2411 485 11113118-

1403 499 1489 528 modi
1515 499 1633 529 habent
1655 499 1798 535 indulto,
1825 498 1884 528 tibi
1904 499 1989 528 iutra
2011 498 2196 537 quindecim
2220 498 2305 535 dies,
2330 503 2412 537 post-

1403 561 1499 591 quam
1515 561 1610 591 super
1626 552 1685 582 hoc
1700 562 1717 581 a
1737 557 1765 582 te
1782 552 1903 582 fuerint
1918 551 2077 590 requisiti,
2093 552 2273 586 ostendant.
2293 552 2412 592 tibique

1403 606 1521 635 saciant
1537 605 1575 634 de
1592 605 1686 635 verbo
1703 605 1742 634 ad
1759 605 1891 634 verbum
1908 605 2030 643 copiam
2050 604 2209 643 privilegii
2227 605 2410 643 supradicti.

1403 659 1558 695 Quocirca
1581 658 1771 687 fraternitati
1796 662 1847 688 tue
1872 667 1926 697 per
1947 657 2117 696 apostolica
2141 659 2257 697 scripta
2279 658 2411 690 manda-

1403 721 1475 741 mus
1497 716 1655 750 quatenus
1677 711 1835 741 decanum
1863 715 1894 742 et
1919 711 2094 751 capitulum
2119 712 2263 751 requiras
2285 712 2414 745 eosdem
2447 746 2451 753 ,

1403 769 1438 795 ut
1451 765 1536 794 infra
1553 764 1736 803 hujusmodi
1753 765 1927 795 terminum
1941 770 2010 804 post
2025 765 2212 805 hujusmodi
2230 765 2411 805 requisitio-

1404 828 1478 848 nem
1496 823 1582 848 tuam
1600 818 1816 857 privilegium,
1835 819 1862 848 si
1876 819 1960 858 quod
1974 828 2069 858 super
2084 819 2194 849 eodem
2211 819 2338 850 indulto
2352 819 2411 851 ha-

1403 872 1477 902 bere
1494 876 1685 908 noscuntur,
1705 871 1760 901 tibi
1775 873 1959 908 ostendant,
1979 876 2010 902 et
2023 872 2093 911 ejus
2113 872 2237 911 copiam
2257 872 2298 902 de
2318 872 2414 904 verbo
2443 878 2448 912 ζ

1403 924 1442 954 ad
1466 925 1598 954 verbum
1622 924 1724 966 facere
1745 933 1809 955 non
1832 929 2030 964 postponant.
2054 924 2209 964 Alioquin
2226 925 2362 963 cogendi
2376 933 2414 956 ex
2444 914 2454 956 't

1405 984 1479 1009 tunc
1503 978 1660 1008 decanum
1684 983 1714 1008 et
1740 978 1914 1018 capitulum
1938 979 2136 1018 supradictos
2167 988 2221 1018 per
2243 987 2414 1022 censuram
2448 991 2451 994 ·

1404 1031 1648 1062 ecclesiasticam
1678 1032 1718 1062 ad
1741 1032 1978 1062 admittendum
2007 1036 2034 1062 te
2057 1032 2097 1062 ad
2126 1032 2322 1065 visitandum
2344 1041 2414 1064 eos-

1403 1085 1492 1122 dem,
1515 1090 1544 1115 et
1564 1085 1789 1124 corrigendum
1809 1094 1845 1116 ac
1862 1086 2100 1116 reformandum
2122 1095 2186 1124 que
2206 1086 2240 1115 in
2264 1085 2414 1126 predictis

1404 1138 1546 1168 eeclesiis
1571 1143 1601 1168 et
1626 1139 1755 1178 capellis
1778 1139 1965 1178 corrigenda
1987 1139 2109 1169 luerint
2135 1144 2164 1169 et
2189 1139 2285 1170 etiam
2313 1139 2415 1170 refor-

1404 1192 1522 1222 manda
1535 1215 1542 1228 ‚
1564 1192 1692 1231 plenam
1723 1197 1754 1223 et
1774 1193 1908 1223 liberam
1931 1193 1986 1222 tibi
2007 1193 2213 1223 concedimus
2230 1193 2415 1224 auctoritate

1404 1246 1602 1284 presentium
1624 1245 1819 1276 facultatem.
1844 1247 1913 1276 Dat.
1942 1246 2026 1285 apud
2048 1247 2330 1284 Urhemveterem,
2349 1255 2416 1278 xvu
2448 1255 2452 1259 ’

1404 1299 1559 1329 kalendas
1574 1299 1721 1336 octobris,
1736 1308 1822 1330 anno
1839 1300 1941 1330 tertio.
1964 1312 1976 1326 n

1446 1354 1484 1393 In
1511 1363 1537 1383 e
1563 1362 1604 1383 m.
1649 1353 1798 1383 ,decano
1822 1358 1852 1384 et
1874 1353 2013 1392 capitulo
2031 1353 2183 1384 ecclesiae
2208 1351 2451 1386 Eboracensis

1404 1407 1536 1437 mandat
1551 1411 1709 1446 quatenus
1725 1407 1930 1446 privilegium
1948 1407 2164 1446 praedictum,
2182 1407 2210 1437 si
2229 1407 2262 1437 id
2279 1407 2414 1446 habent,

1404 1460 1509 1490 eidem
1527 1460 1765 1499 archiepiscopo
1780 1460 1865 1490 infra
1881 1460 2065 1499 quindecim
2083 1460 2160 1498 dies,
2178 1465 2348 1500 postquam
2362 1469 2417 1492 su-

1405 1523 1460 1552 per
1480 1513 1541 1544 hoc
1563 1514 1603 1544 ab
1628 1513 1697 1552 ipso
1719 1513 1957 1552 archiepiscopo
1977 1513 2124 1553 requisiti
2148 1513 2288 1552 fuerint,
2310 1517 2416 1545 osten-

1405 1566 1493 1604 dant,
1511 1570 1542 1597 et
1557 1566 1701 1606 ejusdem
1716 1567 1839 1606 copiam
1856 1567 1960 1597 eidem
1975 1567 2212 1607 archiepiscopo
2226 1567 2356 1598 faciant.

1447 1633 1462 1648 «
1483 1621 1577 1651 Lecta
1592 1629 1697 1651 coram
1715 1621 1829 1651 nobis..
1861 1637 1900 1644 —
1917 1621 1978 1650 Dat
1993 1625 2028 1651 ut
2044 1630 2151 1660 supra.
2170 1632 2186 1648 »

1441 1864 1498 1892 Bei
1500 1865 1607 1892 nardus
1621 1865 1796 1892 monasterio
1809 1863 1972 1901 Cerasiensi
1989 1864 2078 1891 abbas
2093 1864 2266 1900 praeficitur.
2277 1864 2361 1900 (Rae.
2373 1865 2417 1900 45,

1405 1922 1431 1942 c.
1450 1914 1511 1946 415,
1531 1915 1550 1941 f.
1568 1914 1600 1941 82
1617 1916 1662 1946 ro.)

1446 2018 1550 2047 Fratri
1572 2018 1625 2046 Ber
1627 2017 1742 2053 nardo
1759 2017 1861 2047 abbati
1880 2018 2059 2046 monasterii
2076 2017 2277 2055 Cerasiensis,
2299 2017 2444 2050 ordinis

1405 2070 1436 2100 S.
1467 2070 1634 2106 Benedicti,
1659 2070 1829 2099 Baiocensz's
1854 2070 1987 2100 diocesis.
2012 2070 2111 2107 Eum,
2133 2074 2198 2099 turn
2222 2070 2418 2101 monachum

1406 2123 1592 2154 monasterii
1613 2123 1721 2153 Sancti
1746 2123 1894 2153 Audoeni
1918 2123 2207 2161 Rothomagensis‚
2224 2123 2418 2155 monasterio

1405 2177 1600 2213 Cerasiensi,
1620 2186 1674 2216 per
1688 2177 1810 2207 obitum
1829 2177 1960 2207 Roberti
1977 2177 2114 2214 vacanti,
2129 2177 2278 2207 abbatem
2295 2177 2417 2216 praefe-

1406 2231 1449 2261 cit
1464 2231 1558 2269 eique
1575 2239 1694 2260 munus
1709 2230 1943 2260 benedictionis
1961 2240 2016 2269 per
2034 2231 2082 2267 L,
2099 2230 2282 2261 Ostiensem
2294 2230 2438 2270 episco-‚
2446 2241 2450 2250 ’·

1406 2293 1499 2323 pum,
1517 2283 1663 2323 impendi
1679 2284 1762 2313 fecit.

1447 2349 1459 2365 a
1482 2337 1531 2367 Ad
1549 2337 1741 2367 universalis
1761 2337 1916 2367 ecclesie.
1952 2354 1988 2359 —
2010 2337 2082 2367 Dat.
2103 2337 2187 2376 apud
2205 2337 2416 2368 Urbemvete-

1406 2400 1485 2427 rem,
1506 2400 1561 2420 vm
1578 2390 1731 2420 kalendas
1749 2391 1896 2429 octobris,
1913 2400 1999 2421 anno
2017 2391 2119 2421 tertio.
2142 2403 2156 2418 »

1447 2445 1484 2473 111
1504 2454 1531 2474 e.
1553 2453 1595 2473 m.
1616 2445 1788 2474 conventui
1811 2445 1994 2474 monasterii
2013 2444 2213 2475 Cerasiensis
2234 2445 2367 2476 mandat
2382 2448 2453 2475 ut:

1406 2498 1510 2528 eidem
1526 2498 1633 2527 abbati
1649 2497 1789 2527 debitam
1806 2498 2022 2528 obedientiam
2041 2497 2199 2537 praebeat.

1447 2552 1486 2581 In
1502 2561 1530 2582 e.
1548 2560 1591 2581 m.
1609 2551 1754 2581 vassallis
1771 2551 1915 2590 ejusdem
1931 2552 2133 2582 monasterii.
2437 2590 2443 2600 ¹

1446 2605 1485 2634 In
1502 2614 1529 2635 e.
1548 2614 1590 2634 m.
1606 2627 1626 2634 ..
1640 2613 1748 2643 regem
1765 2605 1918 2635 Franciae
1934 2609 2023 2643 rogat
2038 2610 2072 2635 ut
2086 2605 2191 2636 eidem
2207 2605 2313 2636 abbati
2329 2605 2415 2636 favo·
2434 2613 2438 2621 “

1404 2668 1473 2689 rem
1491 2667 1585 2689 suum
1606 2659 1764 2697 praebeat.
2430 2652 2438 2661 '

1447 2724 1461 2739 «
1480 2712 1634 2741 Numinis
1649 2712 1781 2751 superni
1800 2712 2022 2751 benignitas...

2354 1543 2477 1744 Ξ

1477 1802 1728 1831 3268-32'21
1893 1801 2019 1833 Oivieto,
2036 1801 2070 1828 24
2086 1801 2251 1837 septembre
2268 1801 2346 1830 ¹290.
2436 1752 2458 2029 ε

2436 2035 2463 2140 3

2436 2136 2458 2230 3

2436 2259 2445 2287 'a

2435 2311 2465 2430 3

2039 2729 2078 2734 —
2094 2712 2165 2743 Dat.
2185 2716 2221 2743 ut
2236 2720 2342 2751 supra.
2360 2723 2374 2740 »

1475 2899 1592 2928 32ἵ2

1439 2961 1624 2997 Dispensatio
1639 2969 1728 2997 super
1743 2962 1857 2990 defectu
1872 2962 1992 2989 ordinis.
2009 2962 2093 2995 (Rea.
2111 2962 2154 2993 45,
2167 2969 2192 2989 c.
2206 2961 2268 2993 416,
2280 2961 2300 2988 f.
2312 2959 2346 2988 82
2360 2961 2410 2992 VO.)

1909 2899 2036 2931 Orviet0‚
2053 2899 2068 2926 9
2084 2898 2248 2934 septembre
2263 2897 2342 2926 1290.

1443 3065 1586 3102 Maqz'stro
1603 3065 1740 3094 Conrado
1756 3065 1834 3095 dicto
1851 3066 1885 3094 de
1900 3065 2073 3102 Mareburq,
2090 3065 2197 3094 clerico
2213 3063 2412 3101 Manyumine
