2477 3637
349 390 403 420 104
1093 386 1328 416 REGISTRES
1351 387 1406 416 DE
1429 384 1612 416 NICOLAS
1635 385 1691 415 IV.

347 458 430 494 cesis,
445 462 471 486 et
489 479 508 486 ..
525 457 672 494 preposito
689 455 804 484 ecclesie
826 454 1015 491 rupim-ensis
1030 462 1064 482 ac·
1078 454 1225 490 mayislro
1244 454 1350 482 Beren-

346 510 432 548 9ario
447 510 584 545 Frecloli,
601 508 715 537 doctori
731 508 932 540 decretor-mn,
957 506 1112 542 capellano
1130 511 1242 542 nostro,
1262 514 1351 535 cano-

349 565 415 593 nico
425 563 626 593 Narbonensi.
638 561 777 590 Vacante
787 558 1001 588 Avinionensi
1014 558 1146 588 ecclesia
1162 568 1216 597 per
1229 559 1350 588 obitum

348 616 495 653 auberti,
528 614 723 654 praepositus
755 617 786 642 et
822 611 997 650 capitulum
1028 611 1171 649 ejusdem
1201 611 1350 641 ecclesiae

346 670 474 699 fratrem
507 666 744 697 Raimbaudum
770 665 808 694 de
837 664 980 700 Dalfiuo,
1009 664 1047 694 de
1076 665 1188 694 ordine
1218 664 1351 694 fratrum

347 719 616 761 praedicatorum,
644 720 677 748 in
707 719 888 758 episcopum
916 717 1101 755 elegerunt3
1130 717 1184 747 sed
1213 718 1350 754 mavolo,

345 777 569 814 praecentore,
598 772 771 806 Alasardo,
801 771 966 810 operario,
991 772 1167 801 Bertrando
1198 771 1349 810 Aymini,

346 828 519 864 canonicis,
534 832 564 857 et
581 826 758 856 Bertrando
774 826 813 855 de
830 825 979 861 Auriaco,
993 834 1025 854 se
1043 829 1173 862 gerente
1189 833 1245 863 pro
1260 833 1353 854 cano-

346 882 417 912 nico
432 881 575 919 ejusdem
593 879 756 916 ecclesiae,
775 888 808 909 se
825 879 928 909 eidem
946 878 1091 908 electioni
1107 878 1349 917 opponentibus,

347 945 441 974 super
464 944 499 964 ca
525 934 711 973 quaestione
737 934 896 963 Martinus
919 942 997 971 papa
1027 933 1148 971 primo,
1179 936 1208 961 et
1236 932 1353 962 deinde

347 989 510 1020 Honorius
534 989 722 1025 Hugonem,
742 986 826 1016 tituli
856 986 959 1016 sancti
983 986 1150 1016 Laurentii
1173 986 1206 1015 in
1231 986 1352 1015 Lucina

346 1043 570 1082 presbyterum
593 1040 806 1077 cardinalem,
830 1040 971 1078 partibus
989 1039 1166 1069 auditorem
1183 1039 1352 1069 commise-

346 1100 467 1126 serunt.
484 1096 552 1131 Quo
570 1096 706 1132 Hugone
723 1098 860 1129 mortuo,
879 1093 1031 1123 Nicolaus
1046 1102 1124 1132 papa
1135 1092 1269 1122 eandem
1282 1101 1352 1122 cau-

346 1158 413 1179 sam
438 1148 597 1183 Jolianni,
616 1147 796 1177 'l'usculano
819 1147 983 1185 episcopo,
1008 1147 1186 1182 commisit,
1211 1150 1241 1175 et
1266 1154 1352 1175 nunc

345 1202 514 1242 praedictis
543 1201 657 1241 priori,
682 1201 859 1239 praeposito
885 1205 915 1229 et
943 1199 1107 1239 capellano
1137 1208 1194 1229 suo
1222 1199 1352 1228 mandat

344 1260 502 1295 quatenus
521 1259 615 1285 testes
628 1277 636 1290 ‚
661 1253 781 1283 litteras
798 1257 828 1282 et
843 1253 1059 1282 instrumenta
1072 1275 1080 1288 ,
1109 1261 1191 1291 quae
1217 1256 1352 1290 utraque

345 1317 433 1347 pars,
450 1316 545 1346 super
564 1306 707 1336 articulis
723 1307 761 1335 ab
782 1306 929 1344 episcopo
943 1305 1124 1335 Tusculano
1144 1306 1190 1335 eis
1204 1314 1277 1334 cum
1297 1306 1351 1334 in-

345 1361 561 1399 terrogatoriis
594 1360 732 1399 partium
761 1359 969 1395 transmissis,
998 1359 1171 1398 producere
1197 1358 1350 1394 voluerit,

344 1415 429 1444 infra
445 1418 507 1443 tres
520 1422 648 1443 menses
672 1410 739 1451 post
763 1413 981 1451 receptionem
997 1412 1213 1451 praesentium
1231 1413 1352 1442 exami-

345 1472 433 1504 nent,
451 1467 573 1496 litteras
589 1470 618 1496 et
636 1467 852 1496 instrumenta
866 1465 1029 1504 praedicta
1043 1465 1212 1495 transcribi
1230 1465 1352 1495 sacien-

345 1525 410 1558 tes;
430 1521 456 1550 si
473 1520 626 1550 alterutra
648 1520 787 1558 partium
808 1523 918 1555 testes,
938 1518 1061 1548 litteras
1082 1523 1112 1548 et
1135 1518 1352 1548 instrumenta

343 1569 475 1604 alterius
495 1573 631 1604 voluerit
646 1572 833 1612 reprobare,
855 1575 947 1602 testes
966 1572 1023 1611 qui
1048 1581 1142 1610 super
1166 1571 1350 1610 probatione

342 1628 529 1666 hujusmodi
545 1627 688 1666 producti
705 1627 827 1656 suerint
838 1626 923 1655 infra
937 1626 1016 1656 duos
1033 1634 1160 1655 menses
1173 1625 1350 1664 praedictos

342 1686 406 1712 tres
423 1690 551 1711 menses
571 1680 756 1710 immediate
773 1684 940 1718 sequentes
955 1679 1096 1718 recipere
1109 1688 1145 1709 ac
1166 1679 1350 1708 examinare

342 1735 508 1770 studeant,
529 1734 742 1772 deposuiones
767 1737 798 1763 et
821 1733 930 1763 onmia
954 1733 1171 1762 instrumenta
1184 1732 1225 1762 ad
1240 1732 1348 1762 sedem

340 1787 546 1827 apostolicam
563 1787 792 1817 transmissuri.
815 1796 818 1799 ’

385 1855 396 1867 «ι
428 1841 515 1872 Olim
543 1841 756 1870 Avinionensi
785 1839 954 1870 ecclesia...
976 1856 1015 1861 —
1040 1840 1112 1869 Dat.
1139 1840 1240 1870 Rome
1265 1839 1349 1878 apud

341 1894 491 1925 Sanctam
511 1894 645 1923 Mariam
667 1894 840 1932 Majorem,
858 1903 877 1922 v
896 1892 1049 1923 kalendas
1070 1892 1240 1929 februarii,
1264 1901 1349 1922 anno

341 1948 454 1988 primo.
481 1959 494 1974 ι)

410 2108 498 2136 533
647 2106 1007 2140 Sainte-Marie-Majeure,
1022 2106 1056 2133 ‘23
1068 2106 1182 2140 janvier
1198 2105 1276 2133 1289.

375 2169 504 2196 Ecclesia
515 2169 548 2195 de
563 2169 723 2195 Jenulhaco
740 2169 914 2195 monasterio
927 2168 961 2195 de
975 2168 1149 2203 Sparnhaco,
1164 2167 1349 2194 Caturcensis

339 2218 491 2251 dioecesis,
504 2218 679 2245 conceditur.
694 2218 777 2247 (Rau.
788 2218 831 2249 44,
844 2226 870 2245 c.
882 2218 942 2249 347,
954 2218 974 2243 f.
988 2218 1021 2245 79
1033 2224 1078 2252 v0;
1091 2217 1158 2244 Lm.
1170 2226 1205 2244 nu
1213 2217 1311 2249 Timui,
1324 2217 1346 2248 Ι,

342 2268 413 2301 151.)

385 2371 553 2400 Venerabili
565 2372 660 2407 fratri
679 2394 697 2400 ..
716 2371 850 2408 episcopo
865 2370 1054 2399 Cabur-censi.
1073 2369 1155 2399 Eum
1171 2373 1260 2407 rogat
1275 2378 1349 2407 qna-

339 2429 432 2454 tenus
459 2423 625 2454 ecclesiam
652 2424 691 2453 de
714 2423 914 2460 Jennlhaco,
941 2423 1148 2453 Caturcensis
1172 2423 1346 2459 dioecesis,

338 2486 412 2507 cum
436 2477 538 2516 ipsam
564 2486 675 2507 vacare
704 2477 891 2515 contigerit,
924 2477 1016 2515 cujus
1049 2480 1220 2515 proventus
1247 2475 1348 2505 annui

337 2530 448 2561 decem
471 2530 624 2560 librarum
646 2530 869 2560 turonensium
885 2529 1025 2560 valorem
1042 2538 1106 2560 non
1124 2529 1300 2566 excedunt,
1319 2533 1350 2559 et

338 2584 372 2614 in
391 2584 482 2622 cujus
498 2584 665 2623 parrochia
684 2584 791 2614 nullus
809 2584 919 2614 haberi
937 2583 1055 2613 dicitur
1073 2583 1240 2620 habitator,
1262 2583 1347 2621 prio—

337 2638 436 2667 rissae
451 2646 487 2667 ac
502 2637 696 2667 monialibus
713 2637 900 2667 monasterii
916 2636 955 2666 de
976 2636 1171 2675 Sparnhaco,
1189 2645 1245 2674 per
1259 2635 1347 2674 prio-

337 2691 452 2721 rissam
481 2691 564 2721 soliti
585 2691 778 2728 gubernari,
809 2690 931 2720 ordinis
962 2690 994 2720 S.
1024 2689 1219 2727 Augustini,
1246 2689 1347 2719 dictae

337 2744 501 2781 dioecesis,
525 2745 559 2774 in
584 2749 771 2784 perpetuum
792 2744 960 2782 concedat3
990 2743 1075 2783 quod
1097 2743 1344 2779 monasterium,

337 2802 463 2836 propter
485 2798 713 2827 inundationes
738 2807 893 2837 aquarum
919 2801 949 2827 et
972 2797 1176 2827 influentiam
1203 2796 1346 2826 fluminis

338 2850 438 2880 vicini
451 2874 458 2887 ,
479 2850 723 2880 Coliinbrieusis
740 2851 917 2890 episcopus,
936 2851 1070 2890 propriis
1091 2849 1287 2888 sumptibus,
1306 2848 1346 2878 ad

338 2902 438 2932 alium
454 2903 572 2939 locum,
585 2904 623 2933 ad
638 2904 759 2934 dictum
772 2905 954 2943 episcopum
970 2904 1094 2933 ratione
1107 2911 1260 2941 personae
1271 2910 1346 2931 suae

338 2960 552 2995 spectantem,
578 2966 632 2995 pro
649 2958 749 2987 salute
770 2958 1009 2996 progenitorum
1030 2965 1160 2987 suorum
1184 2956 1218 2985 in
1236 2955 1345 2985 eodem

339 3011 573 3049 quiescentium
592 3011 753 3040 transtulit
769 3016 798 3041 et
816 3012 946 3041 dotavit*

380 3076 393 3090 α
425 3063 530 3093 Habet
550 3065 680 3093 assertio
706 3065 934 3094 venerabilis...
966 3081 1004 3086 —-
1034 3064 1105 3094 Dat.
1132 3063 1234 3093 Rome
1262 3061 1345 3100 apud

1434 453 1581 482 Sanctam
1608 451 1744 481 Mariam
1771 451 1936 489 Majorem,
1959 460 1976 480 x
1999 450 2151 481 kalendas
2172 451 2334 489 februarii,
2353 460 2437 484 anno

1434 506 1547 544 primo.
1572 518 1583 531 υ

1505 692 1591 720 5:3⁴

1470 754 1654 788 Dispensatio
1666 762 1754 788 super
1765 753 1877 779 defectu
1890 753 2035 779 natalium.
2049 752 2131 785 (Rau.
2145 753 2188 787 44,
2199 762 2224 780 c.
2239 753 2299 785 348,
2311 754 2331 780 f.
2341 754 2375 782 79
2388 755 2437 791 νγ.)

1741 689 2102 724 Sainte-Maric-MaJeurc,
2119 690 2153 717 ‘20
2169 690 2272 717 fevrier
2291 691 2367 718 1289.

1482 857 1644 886 Venerabili
1661 857 1756 894 fratri
1773 878 1794 885 ..
1812 856 1941 893 episcopo
1968 855 2127 890 Thealino,
2145 855 2297 891 mandat,
2314 855 2355 885 ad
2369 864 2438 895 pro-

1435 917 1485 939 ces
1501 909 1617 939 nobilis
1638 910 1782 939 mulieris
1806 909 2009 945 Thomaskxe,
2033 909 2211 939 comitissae
2230 909 2436 950 Manuspelli,
2467 915 2477 942 t·

1435 966 1611 1001 quatenus,
1637 963 1849 1002 inquisitione
1868 962 2060 1000 competenti
2084 962 2181 999 sacta,
2206 971 2279 992 cum
2297 963 2439 995 Manerio
2468 959 2477 994 i.

1435 1017 1517 1047 dicto
1525 1017 1658 1053 Abbate,
1666 1018 1761 1046 fratre
1771 1017 1913 1056 ejusdem
1924 1016 2126 1051 Thomasiae,
2135 1016 2330 1047 subdiacono
2337 1016 2438 1048 Thea·
2466 1006 2477 1056 li

1437 1072 1522 1101 tinae
1545 1071 1715 1107 dioecesis,
1732 1071 1910 1110 dispenset,
1929 1074 1962 1099 ut
1986 1070 2090 1099 dictus
2107 1070 2286 1106 Manerius,
2304 1078 2370 1100 non
2383 1070 2438 1102 oh-
2466 1059 2477 1102 l

1435 1128 1537 1154 stante
1556 1124 1678 1154 defectu
1702 1124 1859 1154 natalium
1882 1132 1978 1162 quem
2001 1123 2119 1162 patitur
2136 1123 2175 1152 de
2197 1123 2368 1162 conjugato
2383 1131 2439 1162 ge-

1435 1177 1521 1207 nitus
1537 1182 1566 1208 et
1586 1177 1704 1214 soluta,
1728 1178 1825 1216 possit
1841 1177 1874 1205 in
1896 1176 2049 1215 susceptis
2070 1176 2238 1206 ordinibus
2256 1168 2440 1208 ministrare
2465 1174 2477 1214 Ιρι

1435 1235 1465 1260 et
1486 1230 1525 1260 ad
1549 1231 1729 1269 supe=·iores
1754 1230 1952 1269 promoveri,
1976 1230 2020 1259 ita
2045 1233 2152 1260 tamen
2172 1229 2257 1269 quod
2280 1229 2320 1260 ad
2340 1229 2438 1262 bene·
2475 1222 2477 1228 ⁴

1434 1285 1545 1314 ficium
1576 1293 1685 1314 curam
1714 1285 1900 1314 animarum
1934 1284 2056 1314 habens
2086 1292 2141 1322 per
2169 1283 2440 1322 dispensationem

1434 1339 1516 1368 hanc
1537 1339 1672 1369 minime
1689 1338 1888 1368 admittatur.

1479 1404 1492 1419 ι
1509 1392 1552 1421 Ex
1569 1396 1656 1430 parte
1672 1391 1817 1421 dilecti...
1835 1407 1875 1414 —
1891 1392 1962 1421 Dat.
1982 1391 2082 1421 Rome
2104 1390 2186 1430 apud
2209 1390 2360 1421 Sanctam
2373 1391 2440 1422 Ma-

1434 1442 1515 1476 riam
1532 1445 1696 1484 Majorem,
1716 1455 1734 1474 x
1751 1444 1905 1475 kalendas
1921 1444 2037 1480 martii,
2050 1452 2135 1474 anno
2149 1444 2264 1484 primo.
2285 1456 2298 1472 n

1504 1631 1591 1659 535

1468 1692 1652 1727 Dispensatio
1664 1700 1752 1727 super
1762 1692 1876 1719 defectu
1890 1692 2036 1718 natalium.
2049 1691 2133 1724 (Rae.
2144 1692 2188 1726 44,
2202 1700 2228 1719 c.
2242 1690 2302 1724 349,
2315 1692 2335 1719 f.
2347 1691 2381 1720 80
2392 1693 2437 1726 ι’·’.Ι

1750 1629 2104 1664 Salute-Marie-Majeure,
2122 1630 2156 1656 ‘20
2170 1630 2276 1657 sevrier
2291 1629 2370 1658 1289.

1472 1803 1577 1832 Eidem
1593 1801 1734 1839 mandat,
1752 1802 1791 1831 ad
1807 1810 1915 1840 preces
1931 1801 2131 1840 supradictae
2147 1801 2350 1838 Thomasiae,
2366 1809 2441 1841 quaa-

1434 1859 1525 1886 tenus
1550 1864 1624 1885 cum
1653 1854 1796 1892 Gentili,
1821 1854 2034 1890 subdiacono,
2066 1854 2224 1885 monacho
2253 1853 2440 1886 monasterii

1433 1909 1634 1946 Casinensis,
1652 1908 1833 1947 dispenset,
1859 1912 1895 1938 ut
1911 1908 2014 1937 dictus
2029 1907 2184 1946 Gentilis,
2205 1916 2271 1937 non
2295 1907 2438 1938 obstante

1432 1962 1556 1992 defectu
1579 1961 1736 1991 natalium
1758 1969 1855 2000 quem
1882 1960 1999 2000 patitur
2020 1960 2059 1990 de
2074 1961 2245 2000 conJ‘ugato
2260 1959 2391 1998 genitus
2408 1962 2438 1991 et

1433 2015 1549 2052 soluta,
1575 2015 1674 2054 possit
1699 2016 1735 2044 in
1759 2014 1913 2052 susceptis
1940 2013 2108 2044 ordinibus
2129 2013 2332 2052 ministrare,
2349 2013 2440 2045 etad

1432 2069 1594 2108 regulares
1616 2068 1913 2099 administrationes
1935 2069 1984 2098 sui
1999 2067 2123 2098 ordinis
2144 2076 2226 2106 quae
2246 2075 2357 2098 curam
2375 2074 2439 2098 non

1432 2123 1570 2152 habeant
1585 2123 1767 2152 animarum
1784 2121 1962 2158 dumtaxat,
1980 2121 2103 2151 assumi
2119 2120 2234 2151 valeat.

1477 2189 1490 2204 οι
1517 2176 1687 2214 Regularis
1713 2175 1836 2206 ordinis
1863 2175 2135 2214 professoribus...
2159 2191 2199 2197 —
2224 2174 2297 2205 Dat.
2326 2178 2362 2205 ut
2383 2183 2438 2206 su·
2463 2194 2466 2202 .

1432 2239 1497 2269 pra.
1524 2241 1536 2256 n

1502 2417 1589 2445 538
2054 2415 2144 2448 Rieti,
2164 2414 2196 2442 13
2208 2415 2273 2450 juin
2289 2413 2368 2443 1288.

1467 2478 1598 2505 Facultas
1613 2478 1777 2504 conferendi
1794 2478 1941 2505 beneficia.
1960 2478 2043 2511 (Rau.
2058 2478 2101 2510 44,
2113 2486 2139 2506 c.
2157 2477 2219 2510 350,
2231 2477 2251 2505 f.
2264 2477 2298 2505 80
2313 2482 2352 2511 r⁰;
2369 2475 2436 2505 Ian.
2458 2451 2473 2482 ’Ἰ

1430 2534 1465 2552 nu
1481 2525 1580 2558 Tuam,
1597 2525 1620 2559 1,
1639 2525 1711 2558 ι153.)

1478 2636 1642 2665 Venerabili
1667 2636 1762 2671 fratri
1795 2658 1813 2664 ..
1843 2636 2064 2673 archiepiscopo
2085 2635 2266 2665 Arelatensi.
2293 2633 2376 2665 Cum
2401 2633 2435 2664 in
2468 2663 2469 2667 ,

1431 2688 1563 2719 ecclesia
1582 2688 1781 2725 Arelatensi,
1811 2689 1864 2719 ubi
1893 2688 2066 2727 collegium
2094 2696 2303 2727 personarum
2321 2687 2435 2726 degen-

1431 2742 1514 2800 tium
1532 2742 1591 2771 sub
1615 2742 1817 2800 obserzvantii
1843 2742 1973 2780 regulae
1995 2742 2027 2772 S.
2051 2741 2228 2780 Augustini
2254 2741 2434 2772 institutum
2456 2763 2458 2765 -

1429 2848 1589 2885 sacristia,
1617 2849 1762 2878 consueti
1788 2849 1952 2880 canonicis
1979 2848 2225 2879 Arelatensibus
2259 2844 2432 2886 assignari.
2467 2855 2477 2889 J

1429 2902 1506 2931 adeo
1533 2902 1567 2931 in
1597 2902 1664 2931 suis
1693 2902 1871 2933 redditibus
1895 2903 1960 2933 sint
1981 2902 2081 2933 exiles
2106 2906 2142 2933 ut.
2170 2901 2254 2932 nulli
2278 2910 2317 2932 ex
2336 2898 2432 2932 ecolo-
2456 2897 2469 2919 ⁶

1429 2955 1493 2985 siae
1515 2955 1653 2994 prefatae
1674 2957 1836 2987 canonicis
1859 2957 1961 2987 velint
1981 2956 2054 2987 illos
2076 2956 2234 2995 recipere,
2254 2950 2433 2986 Arelatensi
2462 2943 2477 2981 ἐἸ

1428 3008 1663 3048 archiepiscopo
1684 3010 1829 3048 indulget
1845 3015 1879 3041 ut
1897 3010 2265 3049 archipresbyteratum,
2282 3013 2430 3048 praecen-

1429 3061 1539 3091 toriam
1554 3086 1559 3099 ,
1577 3066 1607 3091 et
1622 3063 1797 3093 sacristiam
1813 3063 1951 3101 eosdem,
1969 3071 2041 3094 cum
2058 3061 2252 3100 vacaverint,
2270 3057 2431 3092 eanoniois
2462 3069 2465 3080 ⁴
