2342 3652
898 320 1125 363 nnnmen
1145 317 1303 359 ANNriE.
2086 321 2139 353 141

62 410 180 438 Sanctae
195 410 336 443 percepta.
356 405 437 439 (Rse.
455 405 488 431 44
499 424 506 436 ,
532 411 557 430 c.
580 402 614 430 22
626 425 632 434 ,
647 402 668 429 f.
686 401 734 428 111
753 406 800 433 v0;
816 399 884 427 Lar.
909 407 946 426 nn
958 397 1057 430 Tum,

61 459 99 492 11,
115 459 152 491 9.)

102 560 220 590 Dilectis
235 558 311 596 filiis
329 579 350 586 ..
367 556 469 586 abbati
480 553 659 584 monasterii
674 553 708 581 de
728 550 872 584 Valcellz's,
883 547 1060 578 Cistercien-

64 615 107 645 sis
120 612 248 647 ordinis,
269 609 493 639 Cameracensis
507 607 641 640 diocesis,
665 610 691 634 ει
714 603 848 633 Iohanni
863 602 898 630 de
912 600 1060 633 Brueriis,

65 667 173 697 decano
188 663 303 693 ecclesie
319 661 555 691 Cameracensis.
577 671 591 686 «
609 657 738 688 Dudum
755 655 856 685 felicis
871 652 1062 683 recordatio-

65 719 116 749 nis
135 716 274 747 Johanni
296 723 386 754 pape,
412 711 626 752 predecessori
650 713 770 745 nostro,
788 717 823 737 ex
852 710 940 745 parte
956 704 1063 734 dilecti

65 770 127 802 filii
142 768 258 799 nobilis
274 768 334 797 viri
351 766 519 801 Guidonis,
538 763 663 794 comitis
678 761 842 797 Flandrie,
868 757 1064 788 marchionis

66 821 308 857 NamurcensiS,
327 820 478 859 exposito,
500 818 581 848 sicut
597 816 788 854 accepimus,
806 813 889 852 quod
907 813 985 851 ipse,
999 811 1064 841 zelo

67 875 140 908 fidei
162 878 192 905 et
213 872 390 903 devotionis
411 879 579 906 accensus,
607 869 736 906 signum
766 866 940 896 reverende
963 864 1065 895 crucis

67 931 286 967 assumpserat,
316 935 352 956 36
378 926 412 955 11]
439 925 573 954 termino
600 921 757 960 generalis
785 919 922 959 passagii
947 928 966 948 a
994 917 1067 948 sede

67 980 233 1022 apostolica
251 978 418 1009 statuendo
434 986 506 1007 cum
522 975 711 1006 bellatorum
729 973 854 1004 decenti
880 977 910 1002 et
927 972 1066 1001 honora-

67 1035 123 1068 bili
148 1033 296 1066 comitiva
322 1033 356 1061 in
384 1031 525 1070 ejusdem
557 1035 637 1059 terre
667 1028 859 1067 proponebat
888 1025 1067 1056 subsidium

68 1087 233 1130 proficisci,
249 1085 351 1116 dictus
373 1085 586 1123 predecessor,
610 1082 719 1112 volens
738 1081 843 1119 ipsum
861 1080 895 1109 in
912 1084 974 1109 tam
996 1078 1065 1108 lau-

68 1141 165 1174 dabili
188 1144 219 1170 et
240 1139 274 1169 in
298 1138 397 1169 oculis
429 1137 537 1166 divine
555 1135 741 1176 ‘majestatis
760 1138 887 1173 accepto
912 1132 1068 1172 proposito

71 1195 245 1230 confovere,
263 1201 299 1222 ac
313 1191 480 1222 attendens
496 1189 579 1229 quod
603 1198 639 1219 ex
657 1198 713 1218 sue
734 1187 895 1227 probitatis
912 1186 1067 1217 industria

41 1243 48 1248 ’
71 1246 305 1280 etstrenuitatis
318 1245 448 1280 virtute,
469 1243 586 1282 quibus
595 1242 775 1281 predicatur
794 1241 946 1278 insignis,
964 1240 1069 1269 suain

70 1300 134 1332 illis
154 1299 296 1340 partibus
319 1298 435 1337 poterit
456 1306 524 1327 esse
555 1296 714 1336 presentia
746 1294 963 1333 multipliciter
984 1293 1067 1322 sruc-

73 1358 169 1390 mosa,
187 1353 259 1389 sibi,
276 1361 348 1382 cum
366 1355 492 1390 propter
510 1351 568 1380 1106
585 1349 718 1388 grandia
736 1349 839 1387 ipsum
861 1348 969 1377 subire
980 1355 1070 1385 opor-

75 1411 133 1439 teat
147 1416 242 1438 onera
261 1414 485 1445 expensarum,
503 1405 659 1434 decimam
676 1403 822 1433 omnium
844 1401 1071 1432 ecclesiastico-

73 1469 145 1491 rum
178 1464 389 1499 proventuum
427 1457 614 1497 hujusmodi
647 1457 788 1487 subsidio
822 1456 1004 1495 deputatam
1039 1456 1073 1484 111

76 1513 199 1545 civitate
211 1522 247 1544 ac
262 1513 380 1543 diocesi
396 1511 629 1546 Cameracensi,
648 1510 680 1540 in
695 1510 760 1540 illis
772 1509 917 1539 videlicet
932 1509 1074 1548 ipsarum

77 1567 210 1598 civitatis
237 1569 267 1596 et
293 1565 427 1596 diocesis
458 1565 601 1604 partibus
635 1572 696 1603 que
726 1568 800 1593 sunt
827 1567 912 1593 extra
939 1571 1076 1601 regnum

77 1619 208 1654 Francie
224 1619 403 1655 constitute,
430 1627 466 1648 ac
487 1618 521 1647 in
538 1617 689 1648 omnibus
713 1617 805 1646 terris
828 1617 867 1646 de
889 1625 987 1654 reguo
1009 1617 1076 1654 ipso

78 1681 141 1704 non
155 1672 374 1709 existentibus,
392 1680 471 1711 quas
486 1671 571 1701 idem
590 1679 695 1701 comes
714 1679 750 1700 ac
771 1670 932 1709 quondam
950 1670 1075 1707 Marga-

78 1729 163 1763 reta,
193 1725 344 1756 Flandrie
377 1729 408 1755 61
431 1725 612 1765 ,Η3000016
641 1724 816 1759 comitissa,
847 1727 948 1753 mater
976 1723 1077 1761 ipsius

79 1778 213 1815 comitis,
230 1778 264 1808 in
280 1778 497 1815 Atrebatemsi,
521 1767 922 1814 T01·uacensi,'Leodiensi
947 1780 976 1805 et
1001 1776 1077 1805 Tra-

80 1832 212 1872 ᾔει-,161151
233 1832 411 1862 diocesibus
435 1836 511 1862 tunc
544 1831 693 1870 temporis
721 1831 925 1867 obtinebant,
946 1839 1001 1869 per
1026 1839 1078 1860 sex

81 1893 191 1924 annos,
216 1888 307 1924 prout
333 1885 436 1915 extitit
461 1885 561 1924 ipsius
591 1889 672 1914 terre
702 1884 845 1914 subsidio
872 1884 907 1913 in
936 1883 1079 1922 generali

82 1938 214 1970 concilio
239 1938 451 1976 Lugdunensi
472 1946 633 1975 concessa,
657 1937 830 1968 dummodo
854 1937 939 1967 idem
963 1937 1079 1967 nobilis

79 1995 187 2023 votum
205 1992 308 2022 crucis
324 1992 358 2021 in
377 1992 521 2031 predicto
536 1991 674 2030 passagii
690 1991 840 2027 termino,
860 1991 1000 2029 pensatis
1025 2000 1080 2020 sue

82 2045 218 2084 potentie
247 2045 387 2082 viribus,
418 2053 491 2075 cum
516 2044 701 2075 honorabili
726 2043 915 2074 bellatorum
937 2044 1080 2082 equitum

83 2098 230 2129 comitiva
246 2098 458 2138 personaliter
468 2103 690 2138 prosequatur,
704 2107 760 2137 per
771 2107 844 2128 suas
859 2089 1013 2128 concessit
1028 2097 1080 2127 lit-

83 2155 164 2182 teras
177 2152 216 2182 de
230 2152 331 2190 gratia
346 2152 493 2191 speciali,
510 2152 599 2182 vobis
617 2155 648 2181 et
669 2151 830 2190 quondam
848 2152 1000 2189 magistro
1017 2151 1081 2180 Re-

79 2213 160 2246 11610
174 2204 212 2235 de
225 2205 392 2242 Passieno,
409 2206 563 2236 canonico
587 2205 828 2242 Cameracensi,
854 2205 931 2235 dum
950 2205 1081 2242 viveret,

85 2266 140 2297 per
164 2258 302 2288 eundem
329 2259 586 2297 predecessorem
615 2267 710 2298 super
743 2258 923 2297 colligenda
946 2259 1085 2297 predicta

86 2309 208 2345 decima
244 2311 466 2342 collectoribus
500 2312 667 2351 deputatis.
700 2312 821 2342 Verum
850 2312 901 2351 pie
932 2313 1087 2343 memorie
1114 2301 1122 2308 ”

86 2363 248 2398 Honorius
262 2374 342 2404 papa
353 2365 431 2402 1111,
444 2365 770 2404 predecessornoster,
779 2366 860 2396 scire
867 2365 976 2396 volens
987 2375 1087 2404 quan-

87 2416 206 2448 titatem
221 2418 356 2457 pecunie
376 2427 433 2457 per
453 2427 509 2449 vos
529 2418 692 2449 collectam
713 2423 743 2449 et
761 2419 858 2449 etiam
873 2418 1087 2456 colligendam

88 2469 128 2501 de
141 2471 262 2502 decima
281 2472 474 2510 supradicta,
490 2471 614 2502 dilectis
628 2472 707 2502 filiis
725 2496 745 2502 ..
765 2473 884 2502 decano
901 2472 1088 2503 Curtracen-

89 2523 134 2555 sis
150 2523 280 2555 ecclesie
301 2533 337 2554 ac
356 2525 510 2562 magistro
527 2525 687 2556 Franconi
712 2526 750 2555 de
775 2526 911 2565 Wegga,
935 2526 1089 2556 canonico

91 2575 314 2608 cameracensi
329 2601 337 2614 ‚
369 2582 399 2607 et
427 2578 588 2616 quondam
617 2579 770 2617 magistro
800 2580 1024 2610 Bartholomeo
1053 2581 1091 2611 de

91 2629 233 2668 Mantua,
249 2630 326 2661 olim
343 2631 568 2663 archidiacono
586 2632 757 2672 Haynonie
779 2633 813 2663 in
831 2633 962 2664 ecclesia
978 2633 1091 2664 Came-

91 2683 226 2721 racensi,
244 2684 332 2714 dedit
348 2693 402 2723 per
417 2693 489 2714 suas
508 2685 629 2715 litteras
648 2686 683 2715 in
703 2686 864 2716 mandatis
884 2687 968 2726 quod
986 2696 1039 2718 vos
1055 2696 1091 2717 ex

93 2738 179 2774 parte
193 2745 251 2766 sua
265 2737 468 2776 requirerent
485 2742 520 2767 ut
533 2738 580 2767 eis
597 2737 636 2768 de
652 2743 714 2769 tota
731 2740 867 2779 pecunia
880 2749 937 2778 per
952 2748 1006 2770 vos
1027 2740 1092 2770 col-

93 2786 173 2818 lecta
186 2793 218 2819 et
232 2790 329 2819 etiam
345 2789 525 2827 colligenda
544 2790 583 2821 de
601 2791 724 2822 decima
743 2792 898 2831 prelibata
920 2793 1094 2824 redderetis

95 2845 235 2872 exactam
261 2846 290 2872 et
314 2842 492 2881 plenariam
508 2843 674 2881 rationem,
702 2850 733 2874 et
758 2850 793 2875 ut
811 2846 907 2876 etiam
924 2847 1094 2886 pecuniam

95 2892 196 2932 ipsam
211 2894 377 2925 collectam
395 2899 425 2924 et
439 2897 534 2925 etiam
558 2895 788 2936 colligendam,
814 2904 981 2938 postquam
1001 2900 1094 2930 colle-

97 2944 221 2982 gissetis
233 2947 381 2984 eandem,
394 2948 428 2977 in
443 2947 603 2986 aliquibus
619 2950 693 2979 tutis
707 2950 784 2981 locis
798 2951 922 2990 integre
937 2952 1096 2992 deponere

97 2999 260 3036 curaretis,
280 3008 335 3030 vos
351 3000 391 3030 ad
408 3000 440 3030 id
455 3010 512 3040 per
529 3009 699 3032 censuram
715 3004 970 3043 ecclesiasticam,
987 3005 1095 3045 appel-

1133 387 1260 424 latione
1274 397 1406 430 remota,
1423 397 1454 423 et
1484 392 1575 429 alias,
1592 389 1843 430 proutviderent
1857 388 2038 427 expediens,
2055 397 2141 419 com-

1141 446 1304 486 pellendo,
1325 451 1355 476 et
1369 445 1605 476 nichilominus
1624 449 1686 474 tam
1702 441 1890 482 hujusmodi
1905 441 2033 471 collecte
2048 449 2143 479 pecu-

1143 500 1196 529 nie
1212 508 1309 538 quam
1325 499 1420 528 etiam
1437 497 1615 535 colligende
1630 496 1834 535 quantitates,
1852 498 1882 524 et
1896 494 2057 532 inquibus
2067 493 2145 523 locis

1144 561 1196 582 eas
1212 562 1267 591 per
1283 561 1338 582 vos
1354 552 1470 590 deponi
1487 551 1704 588 contingeret,
1727 552 1757 578 et
1776 547 1930 588 quicquid
1950 548 2090 577 facerent
2109 547 2145 576 in

1143 606 1204 635 1136
1219 610 1307 644 parte
1323 605 1428 634 eidem
1441 604 1584 634 Honorio
1594 602 1808 642 predecessori
1825 610 1880 640 per
1895 610 1968 630 suas
1984 600 2147 630 studerent

1143 658 1265 688 litteras
1280 658 1373 697 plene
1392 667 1428 687 ac
1448 657 1586 687 fideliter
1613 656 1777 685 intimare.
1801 655 1880 685 Cum
1904 659 2011 684 autem
2034 653 2148 692 prefati

1145 712 1285 742 decanus
1302 712 1424 741 Franco
1440 720 1475 740 ac
1498 709 1752 745 Bai-tholomeus,
1782 708 1860 738 dum
1885 708 2021 744 viveret,
2048 706 2148 736 nimis

1147 765 1359 803 negligenter,
1377 765 1458 794 sicut
1472 763 1666 802 accepimuS,
1685 762 1894 800 processerint
1917 761 1951 790 in
1973 760 2147 799 premissis,

1147 827 1216 853 nos,
1235 817 1374 847 volentes
1397 817 1478 846 scire
1498 825 1592 854 super
1611 815 1676 844 hiis
1691 814 1818 852 plenius
1835 812 2149 850 veritatem,dilectis

1147 871 1222 900 filiis
1243 893 1262 900 ..
1280 870 1492 900 Tornacensis
1507 873 1536 897 et
1553 890 1573 899 ..
1591 867 1822 902 Curtracensis,
1845 866 2053 895 Tor-nacensis
2079 865 2149 895 dio-

1149 925 1240 958 cesis,
1268 923 1475 953 ecclesiarum
1499 921 1683 957 decanis,ac
1699 943 1720 951 ..
1739 920 1962 950 archidiacono
1979 919 2152 957 Haffnonie

1149 977 1183 1006 10
1203 976 1336 1007 66616513
1359 975 1582 1005 Caineracensi
1605 974 1746 1013 predicta
1766 982 1820 1011 per
1842 977 1965 1002 nostras
1988 972 2046 1001 sub
2068 975 2152 1001 certa

1150 1032 1251 1061 forma
1269 1030 1382 1059 damus
1398 1029 1523 1058 litteras
1543 1029 1577 1057 in
1593 1026 1754 1056 mandatis
1779 1030 1813 1056 111
1834 1034 1889 1055 vos
1909 1025 1990 1064 quod
2014 1024 2153 1054 reddatis

1151 1085 1196 1115 eis
1214 1084 1252 1114 de
1267 1084 1407 1122 predicta
1422 1081 1558 1120 pecunia
1577 1082 1645 1120 jam
1661 1080 1790 1110 collecta
1808 1084 1839 1109 et
1861 1079 1958 1109 etiam
1975 1077 2155 1116 colligenda

1152 1143 1293 1168 exactam
1317 1142 1346 1166 et
1366 1136 1545 1175 plenariam
1561 1136 1730 1171 rationem,
1750 1134 1896 1173 quodque
1915 1138 2009 1163 totam
2032 1132 2154 1161 decime

1151 1191 1291 1231 predicte
1307 1190 1475 1229 pecuniam
1494 1198 1548 1227 per
1564 1197 1618 1218 vos
1635 1188 1809 1227 depositam
1827 1187 1865 1217 de
1888 1187 1965 1217 locis
1989 1186 2023 1215 in
2039 1185 2155 1224 quibus

1152 1254 1221 1275 eam
1249 1243 1439 1282 deposuistis
1466 1242 1658 1272 removeatis
1684 1246 1714 1271 et
1741 1241 1843 1279 ipsam
1873 1248 1908 1269 ac
1939 1241 2033 1269 etiam
2060 1238 2157 1268 aliam

1153 1298 1297 1328 nondum
1324 1306 1341 1326 a
1364 1297 1452 1326 robis
1479 1295 1653 1334 depositam
1677 1304 1802 1324 necnon
1825 1299 1853 1323 et
1876 1293 2045 1332 pecuniam
2065 1292 2156 1322 60111-

1153 1352 1302 1390 gendam,
1328 1355 1495 1389 postquam
1522 1349 1657 1379 eandem
1684 1347 1886 1385 collegeritis,
1903 1347 1947 1376 eis
1968 1346 2019 1376 rel
2035 1346 2158 1376 duobus

1155 1414 1265 1436 eorum
1281 1404 1493 1443 presentibus,
1513 1403 1548 1432 in
1572 1402 1767 1432 ’1010366051
1791 1408 1820 1430 et
1838 1401 2039 1430 Atrebatensi
2055 1399 2157 1430 eccle-

1156 1460 1212 1490 siis
1243 1468 1276 1489 ac
1304 1459 1336 1487 in
1366 1457 1558 1487 monasterio
1586 1456 1695 1486 Sancti
1728 1455 1856 1484 Yedasti
1879 1453 2094 1489 Atrebatensi,
2119 1453 2159 1482 ad

1158 1521 1323 1543 romanam
1345 1511 1511 1541 ecclesiam
1534 1509 1624 1539 nullo
1645 1509 1749 1539 medio
1771 1508 1953 1547 pertinenti,
1977 1506 2099 1536 ordinis
2125 1506 2158 1536 S.

1158 1566 1337 1602 Benedicti,
1354 1564 1444 1604 equis
1454 1563 1665 1602 portionibus,
1676 1570 1807 1592 romane
1823 1560 1954 1591 ecclesie
1968 1569 2003 1590 ac
2017 1560 2161 1599 ejusdem

1159 1621 1256 1650 Terre
1272 1619 1386 1649 Sancte
1404 1617 1547 1653 nomine,
1566 1616 1689 1646 sublata
1704 1614 1845 1653 qualibet
1861 1613 2057 1649 difficultate,
2070 1612 2160 1650 depo-

1160 1682 1237 1704 nere
1253 1672 1379 1710 integre
1402 1670 1564 1700 studeatis.
1592 1668 1806 1708 Depositarios
1834 1676 1959 1706 quoque
1984 1671 2013 1696 61
2034 1665 2162 1705 quosvis

1159 1726 1238 1757 alios
1256 1725 1396 1765 predicte
1412 1723 1547 1762 pecunie
1567 1722 1725 1752 debitores
1746 1721 1786 1751 ad
1808 1720 2039 1750 exhibitionem
2063 1719 2164 1758 ipsius

1160 1790 1215 1819 per
1235 1787 1404 1810 censuram
1431 1777 1690 1812 ecclesiasticam,
1709 1774 1920 1814 appellatione
1937 1774 2116 1812 postposita,
2134 1775 2165 1802 et

1160 1835 1239 1864 alias
1257 1833 1366 1869 etiam,
1386 1833 1479 1870 prout
1495 1830 1636 1860 viderint
1651 1829 1810 1868 expedire,
1827 1827 2029 1867 compellant,
2046 1826 2164 1856 facien—

1162 1893 1207 1918 tes
1225 1888 1263 1917 de
1276 1885 1463 1926 hujusmodi
1480 1883 1732 1924 depositionibus
1753 1882 1868 1912 confici
1895 1881 2020 1920 publica
2044 1881 2164 1910 iustru-

1162 1947 1281 1978 menta,
1300 1950 1361 1980 que
1384 1939 1488 1975 nobis,
1516 1937 1648 1968 retentis
1677 1937 1737 1967 sihi
1759 1936 1933 1972 similibus,
1958 1945 2013 1974 per
2037 1934 2166 1964 fidelem

1163 1995 1317 2025 nuntium
1333 1993 1459 2022 mittere
1476 2000 1540 2021 non
1557 1991 1716 2021 omittant.
1737 1990 1774 2019 Et
1794 1988 2027 2020 nichilominus
2042 1991 2167 2026 recepto

1163 2059 1182 2079 a
1194 2048 1284 2079 vobis
1302 2047 1432 2086 prestito
1449 2044 1655 2083 corporaliter
1663 2044 1856 2083 juramento,
1876 2042 1915 2072 ad
1929 2041 2012 2081 quod
2026 2045 2168 2080 prestan-

1164 2102 1241 2132 dum
1274 2110 1350 2137 vos,
1376 2108 1439 2129 non
1466 2098 1610 2128 obstante
1636 2098 1662 2127 si
1682 2097 1770 2127 vobis
1788 2106 1806 2126 a
1831 2096 1903 2126 sede
1932 2094 2104 2134 apostolica
2129 2094 2169 2124 sit

1165 2154 1330 2185 indultum
1353 2153 1437 2191 quod
1459 2151 1745 2186 excommunicari,
1771 2149 1924 2180 interdici
1947 2149 1997 2179 vel
2018 2147 2170 2186 suspendi

1166 2217 1231 2239 non
1248 2208 1371 2247 possint
1382 2216 1438 2245 per
1450 2205 1573 2236 litteras
1586 2204 1782 2244 apostolicas,
1796 2213 1860 2234 non
1874 2204 2025 2233 facientes
2040 2202 2170 2241 plenam

1167 2266 1197 2292 et
1215 2269 1395 2300 expressam
1411 2260 1449 2289 de
1465 2258 1591 2288 indulto
1603 2257 1789 2296 hujusmodi
1804 2257 2013 2293 mentionem,
2031 2265 2086 2294 per
2098 2254 2171 2285 11105

1168 2314 1268 2346 simili
1283 2313 1432 2344 volumus
1449 2320 1584 2342 censura
1604 2310 1768 2349 compelli,
1785 2314 1942 2349 quantum
1958 2318 2013 2340 vos
2028 2308 2172 2358 personis

1168 2368 1233 2398 illis
1248 2367 1366 2406 quibus
1382 2366 1546 2395 interdum
1572 2374 1666 2404 super
1688 2363 1875 2403 hujusmodi
1898 2363 2092 2393 collectionis
2115 2369 2172 2391 ne-

1170 2421 1254 2460 gotio
1271 2421 1357 2450 vices
1374 2423 1506 2455 vestras,
1522 2418 1571 2448 vel
1587 2418 1621 2448 in
1638 2426 1674 2448 eo
1691 2417 1909 2447 executionem
1927 2416 2069 2454 aliquam
2083 2423 2172 2445 com-

1170 2474 1304 2504 misistis
1320 2477 1350 2503 et
1373 2472 1563 2502 exhibuistis
1586 2471 1700 2500 cotidie
1721 2478 1778 2509 pro
1800 2470 1958 2508 expensis,
1985 2477 2086 2507 queve
2109 2467 2174 2497 alia.

1172 2527 1392 2557 emolumenta
1407 2525 1522 2555 exinde
1532 2528 1749 2563 provenerunt
1765 2524 1885 2553 eisdem
1897 2546 1904 2559 ,
1923 2526 1953 2552 et
1967 2522 2044 2560 quid
2059 2522 2155 2551 etiam
2165 2544 2172 2557 ,

1173 2584 1202 2611 et
1217 2584 1374 2619 quantum
1384 2588 1439 2609 vos
1447 2587 1504 2617 pro
1520 2578 1632 2607 vestris
1640 2577 1809 2607 cotidianis
1822 2575 1987 2614 stipendiis
2000 2574 2174 2613 recepistis,

1172 2637 1356 2673 quantoque
1380 2637 1520 2670 tempore
1541 2631 1577 2660 in
1599 2630 1785 2670 hujusmodi
1811 2622 2005 2659 collectionis
2026 2635 2176 2666 perman-

1174 2686 1258 2716 sistis
1283 2685 1400 2721 officio,
1427 2693 1464 2714 36
1493 2692 1587 2722 super
1615 2682 1767 2713 omnibus
1794 2680 1981 2719 hujusmodi
2011 2680 2178 2718 negotium

1174 2738 1445 2776 contingentibus,
1471 2737 1508 2767 de
1529 2737 1646 2775 quibus
1666 2735 1813 2774 expedire
1838 2734 2006 2773 putabunt,
2031 2733 2176 2770 sollicite,

1175 2792 1347 2830 diligenter
1370 2795 1400 2820 et
1421 2790 1593 2829 prudenter
1618 2788 1795 2827 inquirant.
1817 2787 1971 2824 Quocirca
1990 2785 2179 2816 discretioni

1176 2850 1278 2876 vestre
1294 2853 1350 2883 per
1365 2842 1535 2882 apostolica
1551 2842 1667 2880 scripta
1691 2841 1832 2871 districte
1854 2839 2058 2879 precipiendo
2084 2847 2178 2869 man-

1177 2899 1290 2928 damus
1308 2901 1466 2935 quatenus
1482 2895 1611 2934 prefatis
1637 2895 1766 2924 decanis
1792 2897 1822 2923 et
1844 2893 2084 2928 archidiacono,
2106 2900 2181 2921 cum

1179 2960 1273 2990 super
1287 2950 1347 2980 hoc
1369 2949 1408 2979 ab
1431 2949 1476 2978 eis
1500 2948 1625 2978 fueritis
1643 2947 1801 2986 requisiti,
1828 2946 2004 2986 predictam
2022 2945 2181 2975 rationem

1180 3003 1323 3040 reddere,
1345 3002 1558 3041 depositiones
1574 3001 1717 3041 ejusdem
1738 3000 1890 3039 pecunie,
1911 2999 1989 3038 ipsis
2003 2998 2053 3028 vel
2071 3006 2182 3028 eorum
